%YAML 1.1
%TAG !u! tag:unity3d.com,2011:
--- !u!1 &5373040356162928601
GameObject:
  m_ObjectHideFlags: 0
  m_CorrespondingSourceObject: {fileID: 0}
  m_PrefabInstance: {fileID: 0}
  m_PrefabAsset: {fileID: 0}
  serializedVersion: 6
  m_Component:
  - component: {fileID: 5373040356162928606}
  m_Layer: 0
  m_Name: mixamorig1:LeftHandRing2
  m_TagString: Untagged
  m_Icon: {fileID: 0}
  m_NavMeshLayer: 0
  m_StaticEditorFlags: 0
  m_IsActive: 1
--- !u!4 &5373040356162928606
Transform:
  m_ObjectHideFlags: 0
  m_CorrespondingSourceObject: {fileID: 0}
  m_PrefabInstance: {fileID: 0}
  m_PrefabAsset: {fileID: 0}
  m_GameObject: {fileID: 5373040356162928601}
  m_LocalRotation: {x: 0.24462426, y: -0.025453916, z: 0.043420255, w: 0.9683108}
  m_LocalPosition: {x: 0.000041171723, y: 0.04542595, z: 5.5322857e-11}
  m_LocalScale: {x: 1, y: 1, z: 1}
  m_Children:
  - {fileID: 5373040356396420232}
  m_Father: {fileID: 5373040357419590830}
  m_RootOrder: 0
  m_LocalEulerAnglesHint: {x: 52.206955, y: 3.7931275, z: 7.7967534}
--- !u!1 &5373040356179860761
GameObject:
  m_ObjectHideFlags: 0
  m_CorrespondingSourceObject: {fileID: 0}
  m_PrefabInstance: {fileID: 0}
  m_PrefabAsset: {fileID: 0}
  serializedVersion: 6
  m_Component:
  - component: {fileID: 5373040356179860766}
  m_Layer: 0
  m_Name: mixamorig1:RightShoulder
  m_TagString: Untagged
  m_Icon: {fileID: 0}
  m_NavMeshLayer: 0
  m_StaticEditorFlags: 0
  m_IsActive: 1
--- !u!4 &5373040356179860766
Transform:
  m_ObjectHideFlags: 0
  m_CorrespondingSourceObject: {fileID: 0}
  m_PrefabInstance: {fileID: 0}
  m_PrefabAsset: {fileID: 0}
  m_GameObject: {fileID: 5373040356179860761}
  m_LocalRotation: {x: 0.6164819, y: 0.36251462, z: -0.5912223, w: 0.37281287}
  m_LocalPosition: {x: 0.07185518, y: 0.170274, z: -0.00029309586}
  m_LocalScale: {x: 1, y: 1, z: 1}
  m_Children:
  - {fileID: 5373040357142717299}
  m_Father: {fileID: 5373040357846309344}
  m_RootOrder: 2
  m_LocalEulerAnglesHint: {x: 54.580883, y: -117.197395, z: -179.17459}
--- !u!1 &5373040356194974444
GameObject:
  m_ObjectHideFlags: 0
  m_CorrespondingSourceObject: {fileID: 0}
  m_PrefabInstance: {fileID: 0}
  m_PrefabAsset: {fileID: 0}
  serializedVersion: 6
  m_Component:
  - component: {fileID: 5373040356194974445}
  - component: {fileID: 5373040356194974432}
  - component: {fileID: 5373040356194974434}
  - component: {fileID: 5373040356194974435}
  m_Layer: 0
  m_Name: mixamorig1:RightUpLeg
  m_TagString: Untagged
  m_Icon: {fileID: 0}
  m_NavMeshLayer: 0
  m_StaticEditorFlags: 0
  m_IsActive: 1
--- !u!4 &5373040356194974445
Transform:
  m_ObjectHideFlags: 0
  m_CorrespondingSourceObject: {fileID: 0}
  m_PrefabInstance: {fileID: 0}
  m_PrefabAsset: {fileID: 0}
  m_GameObject: {fileID: 5373040356194974444}
  m_LocalRotation: {x: -0.022665786, y: 0.23956896, z: 0.9705984, w: 0.0056383014}
  m_LocalPosition: {x: 0.119403474, y: -0.23080246, z: -0.0024616718}
  m_LocalScale: {x: 1, y: 1, z: 1}
  m_Children:
  - {fileID: 5373040357130267776}
  m_Father: {fileID: 5373040358275993169}
  m_RootOrder: 1
  m_LocalEulerAnglesHint: {x: -41.397114, y: 45.26255, z: 135.20302}
--- !u!136 &5373040356194974432
CapsuleCollider:
  m_ObjectHideFlags: 0
  m_CorrespondingSourceObject: {fileID: 0}
  m_PrefabInstance: {fileID: 0}
  m_PrefabAsset: {fileID: 0}
  m_GameObject: {fileID: 5373040356194974444}
  m_Material: {fileID: 0}
  m_IsTrigger: 0
  m_Enabled: 1
  m_Radius: 0.18884881
  m_Height: 0.629496
  m_Direction: 1
  m_Center: {x: 0, y: 0.314748, z: 0}
--- !u!54 &5373040356194974434
Rigidbody:
  m_ObjectHideFlags: 0
  m_CorrespondingSourceObject: {fileID: 0}
  m_PrefabInstance: {fileID: 0}
  m_PrefabAsset: {fileID: 0}
  m_GameObject: {fileID: 5373040356194974444}
  serializedVersion: 2
  m_Mass: 6.5625
  m_Drag: 0
  m_AngularDrag: 0.05
  m_UseGravity: 1
  m_IsKinematic: 1
  m_Interpolate: 0
  m_Constraints: 0
  m_CollisionDetection: 0
--- !u!144 &5373040356194974435
CharacterJoint:
  m_ObjectHideFlags: 0
  m_CorrespondingSourceObject: {fileID: 0}
  m_PrefabInstance: {fileID: 0}
  m_PrefabAsset: {fileID: 0}
  m_GameObject: {fileID: 5373040356194974444}
  m_ConnectedBody: {fileID: 5373040358275993174}
  m_ConnectedArticulationBody: {fileID: 0}
  m_Anchor: {x: 0, y: 0, z: 0}
  m_Axis: {x: -1, y: 0, z: 0}
  m_AutoConfigureConnectedAnchor: 1
  m_ConnectedAnchor: {x: 0.119403474, y: -0.23080249, z: -0.0024614085}
  serializedVersion: 2
  m_SwingAxis: {x: 0, y: 0, z: 1}
  m_TwistLimitSpring:
    spring: 0
    damper: 0
  m_LowTwistLimit:
    limit: -20
    bounciness: 0
    contactDistance: 0
  m_HighTwistLimit:
    limit: 70
    bounciness: 0
    contactDistance: 0
  m_SwingLimitSpring:
    spring: 0
    damper: 0
  m_Swing1Limit:
    limit: 30
    bounciness: 0
    contactDistance: 0
  m_Swing2Limit:
    limit: 0
    bounciness: 0
    contactDistance: 0
  m_EnableProjection: 0
  m_ProjectionDistance: 0.1
  m_ProjectionAngle: 180
  m_BreakForce: Infinity
  m_BreakTorque: Infinity
  m_EnableCollision: 0
  m_EnablePreprocessing: 0
  m_MassScale: 1
  m_ConnectedMassScale: 1
--- !u!1 &5373040356273310094
GameObject:
  m_ObjectHideFlags: 0
  m_CorrespondingSourceObject: {fileID: 0}
  m_PrefabInstance: {fileID: 0}
  m_PrefabAsset: {fileID: 0}
  serializedVersion: 6
  m_Component:
  - component: {fileID: 5373040356273310095}
  m_Layer: 0
  m_Name: mixamorig1:RightHandRing3
  m_TagString: Untagged
  m_Icon: {fileID: 0}
  m_NavMeshLayer: 0
  m_StaticEditorFlags: 0
  m_IsActive: 1
--- !u!4 &5373040356273310095
Transform:
  m_ObjectHideFlags: 0
  m_CorrespondingSourceObject: {fileID: 0}
  m_PrefabInstance: {fileID: 0}
  m_PrefabAsset: {fileID: 0}
  m_GameObject: {fileID: 5373040356273310094}
  m_LocalRotation: {x: 0.17356762, y: 0.013156295, z: -0.027016204, w: 0.98436344}
  m_LocalPosition: {x: -0.00002464601, y: 0.043137457, z: -6.6737015e-12}
  m_LocalScale: {x: 1, y: 1, z: 1}
  m_Children:
  - {fileID: 5373040357774073720}
  m_Father: {fileID: 5373040357646686854}
  m_RootOrder: 0
  m_LocalEulerAnglesHint: {x: 25.558147, y: -0.43231148, z: -1.7962257}
--- !u!1 &5373040356344986260
GameObject:
  m_ObjectHideFlags: 0
  m_CorrespondingSourceObject: {fileID: 0}
  m_PrefabInstance: {fileID: 0}
  m_PrefabAsset: {fileID: 0}
  serializedVersion: 6
  m_Component:
  - component: {fileID: 5373040356344986261}
  m_Layer: 0
  m_Name: mixamorig1:RightHandIndex1
  m_TagString: Untagged
  m_Icon: {fileID: 0}
  m_NavMeshLayer: 0
  m_StaticEditorFlags: 0
  m_IsActive: 1
--- !u!4 &5373040356344986261
Transform:
  m_ObjectHideFlags: 0
  m_CorrespondingSourceObject: {fileID: 0}
  m_PrefabInstance: {fileID: 0}
  m_PrefabAsset: {fileID: 0}
  m_GameObject: {fileID: 5373040356344986260}
  m_LocalRotation: {x: 0.08715071, y: 0.023635393, z: -0.010329218, w: 0.9958612}
  m_LocalPosition: {x: -0.043040056, y: 0.12896536, z: 0.002348846}
  m_LocalScale: {x: 1, y: 1, z: 1}
  m_Children:
  - {fileID: 5373040356617365523}
  m_Father: {fileID: 5373040356890128582}
  m_RootOrder: 0
  m_LocalEulerAnglesHint: {x: -7.533251, y: -0.5102963, z: 4.5524855}
--- !u!1 &5373040356396420235
GameObject:
  m_ObjectHideFlags: 0
  m_CorrespondingSourceObject: {fileID: 0}
  m_PrefabInstance: {fileID: 0}
  m_PrefabAsset: {fileID: 0}
  serializedVersion: 6
  m_Component:
  - component: {fileID: 5373040356396420232}
  m_Layer: 0
  m_Name: mixamorig1:LeftHandRing3
  m_TagString: Untagged
  m_Icon: {fileID: 0}
  m_NavMeshLayer: 0
  m_StaticEditorFlags: 0
  m_IsActive: 1
--- !u!4 &5373040356396420232
Transform:
  m_ObjectHideFlags: 0
  m_CorrespondingSourceObject: {fileID: 0}
  m_PrefabInstance: {fileID: 0}
  m_PrefabAsset: {fileID: 0}
  m_GameObject: {fileID: 5373040356396420235}
  m_LocalRotation: {x: 0.09391131, y: -0.015677601, z: 0.02866542, w: 0.9950443}
  m_LocalPosition: {x: 0.000009184737, y: 0.043668035, z: 1.2599827e-10}
  m_LocalScale: {x: 1, y: 1, z: 1}
  m_Children:
  - {fileID: 5373040357196669519}
  m_Father: {fileID: 5373040356162928606}
  m_RootOrder: 0
  m_LocalEulerAnglesHint: {x: 38.241734, y: 1.6523578, z: 4.70694}
--- !u!1 &5373040356423351327
GameObject:
  m_ObjectHideFlags: 0
  m_CorrespondingSourceObject: {fileID: 0}
  m_PrefabInstance: {fileID: 0}
  m_PrefabAsset: {fileID: 0}
  serializedVersion: 6
  m_Component:
  - component: {fileID: 5373040356423351324}
  m_Layer: 0
  m_Name: mixamorig1:RightHandPinky1
  m_TagString: Untagged
  m_Icon: {fileID: 0}
  m_NavMeshLayer: 0
  m_StaticEditorFlags: 0
  m_IsActive: 1
--- !u!4 &5373040356423351324
Transform:
  m_ObjectHideFlags: 0
  m_CorrespondingSourceObject: {fileID: 0}
  m_PrefabInstance: {fileID: 0}
  m_PrefabAsset: {fileID: 0}
  m_GameObject: {fileID: 5373040356423351327}
  m_LocalRotation: {x: 0.23127271, y: -0.06335453, z: -0.025473043, w: 0.97048974}
  m_LocalPosition: {x: 0.041243453, y: 0.11996908, z: 0.0016792417}
  m_LocalScale: {x: 1, y: 1, z: 1}
  m_Children:
  - {fileID: 5373040357092839069}
  m_Father: {fileID: 5373040356890128582}
  m_RootOrder: 2
  m_LocalEulerAnglesHint: {x: 31.595457, y: 0.26243022, z: -17.509882}
--- !u!1 &5373040356474457043
GameObject:
  m_ObjectHideFlags: 0
  m_CorrespondingSourceObject: {fileID: 0}
  m_PrefabInstance: {fileID: 0}
  m_PrefabAsset: {fileID: 0}
  serializedVersion: 6
  m_Component:
  - component: {fileID: 5373040356474457040}
  m_Layer: 0
  m_Name: mixamorig1:LeftHandPinky3
  m_TagString: Untagged
  m_Icon: {fileID: 0}
  m_NavMeshLayer: 0
  m_StaticEditorFlags: 0
  m_IsActive: 1
--- !u!4 &5373040356474457040
Transform:
  m_ObjectHideFlags: 0
  m_CorrespondingSourceObject: {fileID: 0}
  m_PrefabInstance: {fileID: 0}
  m_PrefabAsset: {fileID: 0}
  m_GameObject: {fileID: 5373040356474457043}
  m_LocalRotation: {x: 0.061980654, y: -0.054189257, z: 0.030476443, w: 0.9961391}
  m_LocalPosition: {x: 0.0000348381, y: 0.034387328, z: 4.0744793e-11}
  m_LocalScale: {x: 1, y: 1, z: 1}
  m_Children:
  - {fileID: 5373040357458832572}
  m_Father: {fileID: 5373040356835279741}
  m_RootOrder: 0
  m_LocalEulerAnglesHint: {x: 38.205788, y: 1.7277185, z: 5.0353904}
--- !u!1 &5373040356484540484
GameObject:
  m_ObjectHideFlags: 0
  m_CorrespondingSourceObject: {fileID: 0}
  m_PrefabInstance: {fileID: 0}
  m_PrefabAsset: {fileID: 0}
  serializedVersion: 6
  m_Component:
  - component: {fileID: 5373040356484540485}
  m_Layer: 0
  m_Name: mixamorig1:LeftHandThumb1
  m_TagString: Untagged
  m_Icon: {fileID: 0}
  m_NavMeshLayer: 0
  m_StaticEditorFlags: 0
  m_IsActive: 1
--- !u!4 &5373040356484540485
Transform:
  m_ObjectHideFlags: 0
  m_CorrespondingSourceObject: {fileID: 0}
  m_PrefabInstance: {fileID: 0}
  m_PrefabAsset: {fileID: 0}
  m_GameObject: {fileID: 5373040356484540484}
  m_LocalRotation: {x: 0.088464506, y: -0.23886304, z: -0.20710793, w: 0.9445765}
  m_LocalPosition: {x: 0.03446191, y: 0.04174326, z: 0.01847429}
  m_LocalScale: {x: 1, y: 1, z: 1}
  m_Children:
  - {fileID: 5373040357693593626}
  m_Father: {fileID: 5373040358260297623}
  m_RootOrder: 4
  m_LocalEulerAnglesHint: {x: 24.151821, y: -0.119173735, z: -34.26551}
--- !u!1 &5373040356566485199
GameObject:
  m_ObjectHideFlags: 0
  m_CorrespondingSourceObject: {fileID: 0}
  m_PrefabInstance: {fileID: 0}
  m_PrefabAsset: {fileID: 0}
  serializedVersion: 6
  m_Component:
  - component: {fileID: 5373040356566485196}
  - component: {fileID: 5373040356566485187}
  - component: {fileID: 5373040356566485186}
  - component: {fileID: 5373040356566485197}
  m_Layer: 0
  m_Name: mixamorig1:LeftLeg
  m_TagString: Untagged
  m_Icon: {fileID: 0}
  m_NavMeshLayer: 0
  m_StaticEditorFlags: 0
  m_IsActive: 1
--- !u!4 &5373040356566485196
Transform:
  m_ObjectHideFlags: 0
  m_CorrespondingSourceObject: {fileID: 0}
  m_PrefabInstance: {fileID: 0}
  m_PrefabAsset: {fileID: 0}
  m_GameObject: {fileID: 5373040356566485199}
  m_LocalRotation: {x: -0.25508714, y: -0.08885495, z: 0.021075413, w: 0.96259606}
  m_LocalPosition: {x: 0.0054096263, y: 0.62950337, z: -0.0006773301}
  m_LocalScale: {x: 1, y: 1, z: 1}
  m_Children:
  - {fileID: 5373040357177483854}
  m_Father: {fileID: 5373040356760901816}
  m_RootOrder: 0
  m_LocalEulerAnglesHint: {x: -50.723488, y: 9.737912, z: -8.002469}
--- !u!136 &5373040356566485187
CapsuleCollider:
  m_ObjectHideFlags: 0
  m_CorrespondingSourceObject: {fileID: 0}
  m_PrefabInstance: {fileID: 0}
  m_PrefabAsset: {fileID: 0}
  m_GameObject: {fileID: 5373040356566485199}
  m_Material: {fileID: 0}
  m_IsTrigger: 0
  m_Enabled: 1
  m_Radius: 0.26277885
  m_Height: 1.0511154
  m_Direction: 1
  m_Center: {x: 0, y: 0.5255577, z: 0}
--- !u!54 &5373040356566485186
Rigidbody:
  m_ObjectHideFlags: 0
  m_CorrespondingSourceObject: {fileID: 0}
  m_PrefabInstance: {fileID: 0}
  m_PrefabAsset: {fileID: 0}
  m_GameObject: {fileID: 5373040356566485199}
  serializedVersion: 2
  m_Mass: 6.5625
  m_Drag: 0
  m_AngularDrag: 0.05
  m_UseGravity: 1
  m_IsKinematic: 1
  m_Interpolate: 0
  m_Constraints: 0
  m_CollisionDetection: 0
--- !u!144 &5373040356566485197
CharacterJoint:
  m_ObjectHideFlags: 0
  m_CorrespondingSourceObject: {fileID: 0}
  m_PrefabInstance: {fileID: 0}
  m_PrefabAsset: {fileID: 0}
  m_GameObject: {fileID: 5373040356566485199}
  m_ConnectedBody: {fileID: 5373040356760901817}
  m_ConnectedArticulationBody: {fileID: 0}
  m_Anchor: {x: 0, y: 0, z: 0}
  m_Axis: {x: -1, y: 0, z: 0}
  m_AutoConfigureConnectedAnchor: 1
  m_ConnectedAnchor: {x: 0.0054096356, y: 0.62950367, z: -0.0006773919}
  serializedVersion: 2
  m_SwingAxis: {x: 0, y: 0, z: 1}
  m_TwistLimitSpring:
    spring: 0
    damper: 0
  m_LowTwistLimit:
    limit: -80
    bounciness: 0
    contactDistance: 0
  m_HighTwistLimit:
    limit: 0
    bounciness: 0
    contactDistance: 0
  m_SwingLimitSpring:
    spring: 0
    damper: 0
  m_Swing1Limit:
    limit: 0
    bounciness: 0
    contactDistance: 0
  m_Swing2Limit:
    limit: 0
    bounciness: 0
    contactDistance: 0
  m_EnableProjection: 0
  m_ProjectionDistance: 0.1
  m_ProjectionAngle: 180
  m_BreakForce: Infinity
  m_BreakTorque: Infinity
  m_EnableCollision: 0
  m_EnablePreprocessing: 0
  m_MassScale: 1
  m_ConnectedMassScale: 1
--- !u!1 &5373040356606159921
GameObject:
  m_ObjectHideFlags: 0
  m_CorrespondingSourceObject: {fileID: 0}
  m_PrefabInstance: {fileID: 0}
  m_PrefabAsset: {fileID: 0}
  serializedVersion: 6
  m_Component:
  - component: {fileID: 5373040356606159926}
  m_Layer: 0
  m_Name: mixamorig1:RightFoot
  m_TagString: Untagged
  m_Icon: {fileID: 0}
  m_NavMeshLayer: 0
  m_StaticEditorFlags: 0
  m_IsActive: 1
--- !u!4 &5373040356606159926
Transform:
  m_ObjectHideFlags: 0
  m_CorrespondingSourceObject: {fileID: 0}
  m_PrefabInstance: {fileID: 0}
  m_PrefabAsset: {fileID: 0}
  m_GameObject: {fileID: 5373040356606159921}
  m_LocalRotation: {x: 0.2428735, y: 0.04230745, z: 0.073305316, w: 0.9663586}
  m_LocalPosition: {x: 6.078476e-11, y: 0.9228925, z: -0.0000000038332675}
  m_LocalScale: {x: 1, y: 1, z: 1}
  m_Children:
  - {fileID: 5373040357339246000}
  m_Father: {fileID: 5373040357130267776}
  m_RootOrder: 0
  m_LocalEulerAnglesHint: {x: 62.354137, y: 20.056568, z: 23.24545}
--- !u!1 &5373040356617365522
GameObject:
  m_ObjectHideFlags: 0
  m_CorrespondingSourceObject: {fileID: 0}
  m_PrefabInstance: {fileID: 0}
  m_PrefabAsset: {fileID: 0}
  serializedVersion: 6
  m_Component:
  - component: {fileID: 5373040356617365523}
  m_Layer: 0
  m_Name: mixamorig1:RightHandIndex2
  m_TagString: Untagged
  m_Icon: {fileID: 0}
  m_NavMeshLayer: 0
  m_StaticEditorFlags: 0
  m_IsActive: 1
--- !u!4 &5373040356617365523
Transform:
  m_ObjectHideFlags: 0
  m_CorrespondingSourceObject: {fileID: 0}
  m_PrefabInstance: {fileID: 0}
  m_PrefabAsset: {fileID: 0}
  m_GameObject: {fileID: 5373040356617365522}
  m_LocalRotation: {x: 0.17201434, y: -0.022250233, z: -0.016142622, w: 0.9847108}
  m_LocalPosition: {x: -0.000023311914, y: 0.046450604, z: 3.304791e-11}
  m_LocalScale: {x: 1, y: 1, z: 1}
  m_Children:
  - {fileID: 5373040358113627566}
  m_Father: {fileID: 5373040356344986261}
  m_RootOrder: 0
  m_LocalEulerAnglesHint: {x: 6.2519135, y: -0.021546151, z: -0.363537}
--- !u!1 &5373040356626339295
GameObject:
  m_ObjectHideFlags: 0
  m_CorrespondingSourceObject: {fileID: 0}
  m_PrefabInstance: {fileID: 0}
  m_PrefabAsset: {fileID: 0}
  serializedVersion: 6
  m_Component:
  - component: {fileID: 5373040356626339292}
  - component: {fileID: 5373040356626339293}
  m_Layer: 0
  m_Name: PlayerModel
  m_TagString: Untagged
  m_Icon: {fileID: 0}
  m_NavMeshLayer: 0
  m_StaticEditorFlags: 0
  m_IsActive: 1
--- !u!4 &5373040356626339292
Transform:
  m_ObjectHideFlags: 0
  m_CorrespondingSourceObject: {fileID: 0}
  m_PrefabInstance: {fileID: 0}
  m_PrefabAsset: {fileID: 0}
  m_GameObject: {fileID: 5373040356626339295}
  m_LocalRotation: {x: 0, y: 0, z: 0, w: 1}
  m_LocalPosition: {x: 0, y: 1, z: 0}
  m_LocalScale: {x: 1, y: 1, z: 1}
  m_Children:
  - {fileID: 5373040357064927773}
  - {fileID: 5373040358275993169}
  m_Father: {fileID: 5373040357588682057}
  m_RootOrder: 0
  m_LocalEulerAnglesHint: {x: 0, y: 0, z: 0}
--- !u!95 &5373040356626339293
Animator:
  serializedVersion: 3
  m_ObjectHideFlags: 0
  m_CorrespondingSourceObject: {fileID: 0}
  m_PrefabInstance: {fileID: 0}
  m_PrefabAsset: {fileID: 0}
  m_GameObject: {fileID: 5373040356626339295}
  m_Enabled: 1
  m_Avatar: {fileID: 0}
  m_Controller: {fileID: 9100000, guid: b0d6771ac5577a54682e55faa9708cbf, type: 2}
  m_CullingMode: 0
  m_UpdateMode: 0
  m_ApplyRootMotion: 0
  m_LinearVelocityBlending: 0
  m_WarningMessage: 
  m_HasTransformHierarchy: 1
  m_AllowConstantClipSamplingOptimization: 1
  m_KeepAnimatorControllerStateOnDisable: 0
--- !u!1 &5373040356665526478
GameObject:
  m_ObjectHideFlags: 0
  m_CorrespondingSourceObject: {fileID: 0}
  m_PrefabInstance: {fileID: 0}
  m_PrefabAsset: {fileID: 0}
  serializedVersion: 6
  m_Component:
  - component: {fileID: 5373040356665526479}
  m_Layer: 0
  m_Name: mixamorig1:LeftHandMiddle3
  m_TagString: Untagged
  m_Icon: {fileID: 0}
  m_NavMeshLayer: 0
  m_StaticEditorFlags: 0
  m_IsActive: 1
--- !u!4 &5373040356665526479
Transform:
  m_ObjectHideFlags: 0
  m_CorrespondingSourceObject: {fileID: 0}
  m_PrefabInstance: {fileID: 0}
  m_PrefabAsset: {fileID: 0}
  m_GameObject: {fileID: 5373040356665526478}
  m_LocalRotation: {x: 0.045987025, y: 0.006170153, z: 0.00966363, w: 0.9988763}
  m_LocalPosition: {x: -0.000027733757, y: 0.049497, z: 2.2822177e-10}
  m_LocalScale: {x: 1, y: 1, z: 1}
  m_Children:
  - {fileID: 5373040357022589201}
  m_Father: {fileID: 5373040357294934551}
  m_RootOrder: 0
  m_LocalEulerAnglesHint: {x: 5.305912, y: 0.030011334, z: 0.5742171}
--- !u!1 &5373040356742046642
GameObject:
  m_ObjectHideFlags: 0
  m_CorrespondingSourceObject: {fileID: 0}
  m_PrefabInstance: {fileID: 0}
  m_PrefabAsset: {fileID: 0}
  serializedVersion: 6
  m_Component:
  - component: {fileID: 5373040356742046643}
  m_Layer: 0
  m_Name: mixamorig1:Neck
  m_TagString: Untagged
  m_Icon: {fileID: 0}
  m_NavMeshLayer: 0
  m_StaticEditorFlags: 0
  m_IsActive: 1
--- !u!4 &5373040356742046643
Transform:
  m_ObjectHideFlags: 0
  m_CorrespondingSourceObject: {fileID: 0}
  m_PrefabInstance: {fileID: 0}
  m_PrefabAsset: {fileID: 0}
  m_GameObject: {fileID: 5373040356742046642}
  m_LocalRotation: {x: -0.0165925, y: 0.0034948008, z: -0.0007143302, w: 0.999856}
  m_LocalPosition: {x: -0, y: 0.19831724, z: 0.000000011965273}
  m_LocalScale: {x: 1, y: 1, z: 1}
  m_Children:
  - {fileID: 5373040356989450669}
  m_Father: {fileID: 5373040357846309344}
  m_RootOrder: 1
  m_LocalEulerAnglesHint: {x: -10.919262, y: 4.9536753, z: -0.5196173}
--- !u!1 &5373040356760901819
GameObject:
  m_ObjectHideFlags: 0
  m_CorrespondingSourceObject: {fileID: 0}
  m_PrefabInstance: {fileID: 0}
  m_PrefabAsset: {fileID: 0}
  serializedVersion: 6
  m_Component:
  - component: {fileID: 5373040356760901816}
  - component: {fileID: 5373040356760901823}
  - component: {fileID: 5373040356760901817}
  - component: {fileID: 5373040356760901822}
  m_Layer: 0
  m_Name: mixamorig1:LeftUpLeg
  m_TagString: Untagged
  m_Icon: {fileID: 0}
  m_NavMeshLayer: 0
  m_StaticEditorFlags: 0
  m_IsActive: 1
--- !u!4 &5373040356760901816
Transform:
  m_ObjectHideFlags: 0
  m_CorrespondingSourceObject: {fileID: 0}
  m_PrefabInstance: {fileID: 0}
  m_PrefabAsset: {fileID: 0}
  m_GameObject: {fileID: 5373040356760901819}
  m_LocalRotation: {x: -0.10876369, y: 0.0936487, z: 0.98902285, w: -0.03513212}
  m_LocalPosition: {x: -0.119403474, y: -0.23080246, z: -0.0024616718}
  m_LocalScale: {x: 1, y: 1, z: 1}
  m_Children:
  - {fileID: 5373040356566485196}
  m_Father: {fileID: 5373040358275993169}
  m_RootOrder: 0
  m_LocalEulerAnglesHint: {x: -68.27186, y: -126.465355, z: -39.78779}
--- !u!136 &5373040356760901823
CapsuleCollider:
  m_ObjectHideFlags: 0
  m_CorrespondingSourceObject: {fileID: 0}
  m_PrefabInstance: {fileID: 0}
  m_PrefabAsset: {fileID: 0}
  m_GameObject: {fileID: 5373040356760901819}
  m_Material: {fileID: 0}
  m_IsTrigger: 0
  m_Enabled: 1
  m_Radius: 0.1888511
  m_Height: 0.62950367
  m_Direction: 1
  m_Center: {x: 0, y: 0.31475183, z: 0}
--- !u!54 &5373040356760901817
Rigidbody:
  m_ObjectHideFlags: 0
  m_CorrespondingSourceObject: {fileID: 0}
  m_PrefabInstance: {fileID: 0}
  m_PrefabAsset: {fileID: 0}
  m_GameObject: {fileID: 5373040356760901819}
  serializedVersion: 2
  m_Mass: 6.5625
  m_Drag: 0
  m_AngularDrag: 0.05
  m_UseGravity: 1
  m_IsKinematic: 1
  m_Interpolate: 0
  m_Constraints: 0
  m_CollisionDetection: 0
--- !u!144 &5373040356760901822
CharacterJoint:
  m_ObjectHideFlags: 0
  m_CorrespondingSourceObject: {fileID: 0}
  m_PrefabInstance: {fileID: 0}
  m_PrefabAsset: {fileID: 0}
  m_GameObject: {fileID: 5373040356760901819}
  m_ConnectedBody: {fileID: 5373040358275993174}
  m_ConnectedArticulationBody: {fileID: 0}
  m_Anchor: {x: 0, y: 0, z: 0}
  m_Axis: {x: -1, y: 0, z: 0}
  m_AutoConfigureConnectedAnchor: 1
  m_ConnectedAnchor: {x: -0.119403474, y: -0.23080245, z: -0.0024619035}
  serializedVersion: 2
  m_SwingAxis: {x: 0, y: 0, z: 1}
  m_TwistLimitSpring:
    spring: 0
    damper: 0
  m_LowTwistLimit:
    limit: -20
    bounciness: 0
    contactDistance: 0
  m_HighTwistLimit:
    limit: 70
    bounciness: 0
    contactDistance: 0
  m_SwingLimitSpring:
    spring: 0
    damper: 0
  m_Swing1Limit:
    limit: 30
    bounciness: 0
    contactDistance: 0
  m_Swing2Limit:
    limit: 0
    bounciness: 0
    contactDistance: 0
  m_EnableProjection: 0
  m_ProjectionDistance: 0.1
  m_ProjectionAngle: 180
  m_BreakForce: Infinity
  m_BreakTorque: Infinity
  m_EnableCollision: 0
  m_EnablePreprocessing: 0
  m_MassScale: 1
  m_ConnectedMassScale: 1
--- !u!1 &5373040356778955117
GameObject:
  m_ObjectHideFlags: 0
  m_CorrespondingSourceObject: {fileID: 0}
  m_PrefabInstance: {fileID: 0}
  m_PrefabAsset: {fileID: 0}
  serializedVersion: 6
  m_Component:
  - component: {fileID: 5373040356778955106}
  m_Layer: 0
  m_Name: mixamorig1:RightHandThumb4
  m_TagString: Untagged
  m_Icon: {fileID: 0}
  m_NavMeshLayer: 0
  m_StaticEditorFlags: 0
  m_IsActive: 1
--- !u!4 &5373040356778955106
Transform:
  m_ObjectHideFlags: 0
  m_CorrespondingSourceObject: {fileID: 0}
  m_PrefabInstance: {fileID: 0}
  m_PrefabAsset: {fileID: 0}
  m_GameObject: {fileID: 5373040356778955117}
  m_LocalRotation: {x: 0, y: -0, z: -0, w: 1}
  m_LocalPosition: {x: 0.003976688, y: 0.04292851, z: -4.749404e-10}
  m_LocalScale: {x: 1, y: 1, z: 1}
  m_Children: []
  m_Father: {fileID: 5373040358283775189}
  m_RootOrder: 0
  m_LocalEulerAnglesHint: {x: 0, y: 0, z: 0}
--- !u!1 &5373040356835279740
GameObject:
  m_ObjectHideFlags: 0
  m_CorrespondingSourceObject: {fileID: 0}
  m_PrefabInstance: {fileID: 0}
  m_PrefabAsset: {fileID: 0}
  serializedVersion: 6
  m_Component:
  - component: {fileID: 5373040356835279741}
  m_Layer: 0
  m_Name: mixamorig1:LeftHandPinky2
  m_TagString: Untagged
  m_Icon: {fileID: 0}
  m_NavMeshLayer: 0
  m_StaticEditorFlags: 0
  m_IsActive: 1
--- !u!4 &5373040356835279741
Transform:
  m_ObjectHideFlags: 0
  m_CorrespondingSourceObject: {fileID: 0}
  m_PrefabInstance: {fileID: 0}
  m_PrefabAsset: {fileID: 0}
  m_GameObject: {fileID: 5373040356835279740}
  m_LocalRotation: {x: 0.22880508, y: -0.0857604, z: 0.046588052, w: 0.9685675}
  m_LocalPosition: {x: -0.000032021115, y: 0.043043725, z: 1.5489604e-10}
  m_LocalScale: {x: 1, y: 1, z: 1}
  m_Children:
  - {fileID: 5373040356474457040}
  m_Father: {fileID: 5373040357958760060}
  m_RootOrder: 0
  m_LocalEulerAnglesHint: {x: 51.326187, y: 3.9639244, z: 8.254128}
--- !u!1 &5373040356850898005
GameObject:
  m_ObjectHideFlags: 0
  m_CorrespondingSourceObject: {fileID: 0}
  m_PrefabInstance: {fileID: 0}
  m_PrefabAsset: {fileID: 0}
  serializedVersion: 6
  m_Component:
  - component: {fileID: 5373040356850898026}
  m_Layer: 0
  m_Name: mixamorig1:RightHandPinky3
  m_TagString: Untagged
  m_Icon: {fileID: 0}
  m_NavMeshLayer: 0
  m_StaticEditorFlags: 0
  m_IsActive: 1
--- !u!4 &5373040356850898026
Transform:
  m_ObjectHideFlags: 0
  m_CorrespondingSourceObject: {fileID: 0}
  m_PrefabInstance: {fileID: 0}
  m_PrefabAsset: {fileID: 0}
  m_GameObject: {fileID: 5373040356850898005}
  m_LocalRotation: {x: 0.14634995, y: 0.051289752, z: -0.034615044, w: 0.98729575}
  m_LocalPosition: {x: 0.000027701546, y: 0.033070803, z: 7.876025e-11}
  m_LocalScale: {x: 1, y: 1, z: 1}
  m_Children:
  - {fileID: 5373040357615448849}
  m_Father: {fileID: 5373040357092839069}
  m_RootOrder: 0
  m_LocalEulerAnglesHint: {x: 59.373055, y: -4.3172174, z: -7.5344076}
--- !u!1 &5373040356890128577
GameObject:
  m_ObjectHideFlags: 0
  m_CorrespondingSourceObject: {fileID: 0}
  m_PrefabInstance: {fileID: 0}
  m_PrefabAsset: {fileID: 0}
  serializedVersion: 6
  m_Component:
  - component: {fileID: 5373040356890128582}
  m_Layer: 0
  m_Name: mixamorig1:RightHand
  m_TagString: Untagged
  m_Icon: {fileID: 0}
  m_NavMeshLayer: 0
  m_StaticEditorFlags: 0
  m_IsActive: 1
--- !u!4 &5373040356890128582
Transform:
  m_ObjectHideFlags: 0
  m_CorrespondingSourceObject: {fileID: 0}
  m_PrefabInstance: {fileID: 0}
  m_PrefabAsset: {fileID: 0}
  m_GameObject: {fileID: 5373040356890128577}
  m_LocalRotation: {x: 0.0048655695, y: 0.00681099, z: 0.0039033089, w: 0.9999574}
  m_LocalPosition: {x: 2.6904257e-11, y: 0.45771742, z: -2.8395277e-11}
  m_LocalScale: {x: 1, y: 1, z: 1}
  m_Children:
  - {fileID: 5373040356344986261}
  - {fileID: 5373040356966809621}
  - {fileID: 5373040356423351324}
  - {fileID: 5373040357711067675}
  - {fileID: 5373040358084395555}
  m_Father: {fileID: 5373040358255084672}
  m_RootOrder: 0
  m_LocalEulerAnglesHint: {x: -41.497456, y: 42.715946, z: 24.941265}
--- !u!1 &5373040356966809620
GameObject:
  m_ObjectHideFlags: 0
  m_CorrespondingSourceObject: {fileID: 0}
  m_PrefabInstance: {fileID: 0}
  m_PrefabAsset: {fileID: 0}
  serializedVersion: 6
  m_Component:
  - component: {fileID: 5373040356966809621}
  m_Layer: 0
  m_Name: mixamorig1:RightHandMiddle1
  m_TagString: Untagged
  m_Icon: {fileID: 0}
  m_NavMeshLayer: 0
  m_StaticEditorFlags: 0
  m_IsActive: 1
--- !u!4 &5373040356966809621
Transform:
  m_ObjectHideFlags: 0
  m_CorrespondingSourceObject: {fileID: 0}
  m_PrefabInstance: {fileID: 0}
  m_PrefabAsset: {fileID: 0}
  m_GameObject: {fileID: 5373040356966809620}
  m_LocalRotation: {x: 0.1602726, y: -0.016689975, z: 0.011993143, w: 0.98685884}
  m_LocalPosition: {x: -0.013826798, y: 0.12492294, z: -0.002320791}
  m_LocalScale: {x: 1, y: 1, z: 1}
  m_Children:
  - {fileID: 5373040358290982133}
  m_Father: {fileID: 5373040356890128582}
  m_RootOrder: 1
  m_LocalEulerAnglesHint: {x: 4.338041, y: 0.42259926, z: 3.4641192}
--- !u!1 &5373040356989450668
GameObject:
  m_ObjectHideFlags: 0
  m_CorrespondingSourceObject: {fileID: 0}
  m_PrefabInstance: {fileID: 0}
  m_PrefabAsset: {fileID: 0}
  serializedVersion: 6
  m_Component:
  - component: {fileID: 5373040356989450669}
  - component: {fileID: 5373040356989450656}
  - component: {fileID: 5373040356989450659}
  - component: {fileID: 5373040356989450658}
  m_Layer: 0
  m_Name: mixamorig1:Head
  m_TagString: Untagged
  m_Icon: {fileID: 0}
  m_NavMeshLayer: 0
  m_StaticEditorFlags: 0
  m_IsActive: 1
--- !u!4 &5373040356989450669
Transform:
  m_ObjectHideFlags: 0
  m_CorrespondingSourceObject: {fileID: 0}
  m_PrefabInstance: {fileID: 0}
  m_PrefabAsset: {fileID: 0}
  m_GameObject: {fileID: 5373040356989450668}
  m_LocalRotation: {x: -0.026530642, y: 0.0034875376, z: -0.00074903143, w: 0.99964166}
  m_LocalPosition: {x: -0, y: 0.12442474, z: -0.0058563994}
  m_LocalScale: {x: 1, y: 1, z: 1}
  m_Children:
  - {fileID: 5373040357341983169}
  m_Father: {fileID: 5373040356742046643}
  m_RootOrder: 0
  m_LocalEulerAnglesHint: {x: 11.664977, y: 4.6012535, z: -2.360636}
--- !u!135 &5373040356989450656
SphereCollider:
  m_ObjectHideFlags: 0
  m_CorrespondingSourceObject: {fileID: 0}
  m_PrefabInstance: {fileID: 0}
  m_PrefabAsset: {fileID: 0}
  m_GameObject: {fileID: 5373040356989450668}
  m_Material: {fileID: 0}
  m_IsTrigger: 0
  m_Enabled: 1
  serializedVersion: 2
  m_Radius: 0.26056558
  m_Center: {x: -1.0973818e-11, y: 0.18872187, z: 0.012359441}
--- !u!54 &5373040356989450659
Rigidbody:
  m_ObjectHideFlags: 0
  m_CorrespondingSourceObject: {fileID: 0}
  m_PrefabInstance: {fileID: 0}
  m_PrefabAsset: {fileID: 0}
  m_GameObject: {fileID: 5373040356989450668}
  serializedVersion: 2
  m_Mass: 4.375
  m_Drag: 0
  m_AngularDrag: 0.05
  m_UseGravity: 1
  m_IsKinematic: 1
  m_Interpolate: 0
  m_Constraints: 0
  m_CollisionDetection: 0
--- !u!144 &5373040356989450658
CharacterJoint:
  m_ObjectHideFlags: 0
  m_CorrespondingSourceObject: {fileID: 0}
  m_PrefabInstance: {fileID: 0}
  m_PrefabAsset: {fileID: 0}
  m_GameObject: {fileID: 5373040356989450668}
  m_ConnectedBody: {fileID: 5373040357311081626}
  m_ConnectedArticulationBody: {fileID: 0}
  m_Anchor: {x: 0, y: 0, z: 0}
  m_Axis: {x: 1, y: 0, z: 0}
  m_AutoConfigureConnectedAnchor: 1
  m_ConnectedAnchor: {x: 0.013399992, y: 0.65019304, z: -0.049178977}
  serializedVersion: 2
  m_SwingAxis: {x: 0, y: 0, z: 1}
  m_TwistLimitSpring:
    spring: 0
    damper: 0
  m_LowTwistLimit:
    limit: -40
    bounciness: 0
    contactDistance: 0
  m_HighTwistLimit:
    limit: 25
    bounciness: 0
    contactDistance: 0
  m_SwingLimitSpring:
    spring: 0
    damper: 0
  m_Swing1Limit:
    limit: 25
    bounciness: 0
    contactDistance: 0
  m_Swing2Limit:
    limit: 0
    bounciness: 0
    contactDistance: 0
  m_EnableProjection: 0
  m_ProjectionDistance: 0.1
  m_ProjectionAngle: 180
  m_BreakForce: Infinity
  m_BreakTorque: Infinity
  m_EnableCollision: 0
  m_EnablePreprocessing: 0
  m_MassScale: 1
  m_ConnectedMassScale: 1
--- !u!1 &5373040357019676185
GameObject:
  m_ObjectHideFlags: 0
  m_CorrespondingSourceObject: {fileID: 0}
  m_PrefabInstance: {fileID: 0}
  m_PrefabAsset: {fileID: 0}
  serializedVersion: 6
  m_Component:
  - component: {fileID: 5373040357019676190}
  - component: {fileID: 5373040357019676189}
  - component: {fileID: 5373040357019676188}
  - component: {fileID: 5373040357019676191}
  m_Layer: 0
  m_Name: mixamorig1:LeftForeArm
  m_TagString: Untagged
  m_Icon: {fileID: 0}
  m_NavMeshLayer: 0
  m_StaticEditorFlags: 0
  m_IsActive: 1
--- !u!4 &5373040357019676190
Transform:
  m_ObjectHideFlags: 0
  m_CorrespondingSourceObject: {fileID: 0}
  m_PrefabInstance: {fileID: 0}
  m_PrefabAsset: {fileID: 0}
  m_GameObject: {fileID: 5373040357019676185}
  m_LocalRotation: {x: -0.009416915, y: -0.036333244, z: -0.16422163, w: 0.98570913}
  m_LocalPosition: {x: -2.589193e-10, y: 0.44473526, z: 5.645509e-10}
  m_LocalScale: {x: 1, y: 1, z: 1}
  m_Children:
  - {fileID: 5373040358260297623}
  m_Father: {fileID: 5373040357206082719}
  m_RootOrder: 0
  m_LocalEulerAnglesHint: {x: 0.53513426, y: -0.11222717, z: -27.32885}
--- !u!136 &5373040357019676189
CapsuleCollider:
  m_ObjectHideFlags: 0
  m_CorrespondingSourceObject: {fileID: 0}
  m_PrefabInstance: {fileID: 0}
  m_PrefabAsset: {fileID: 0}
  m_GameObject: {fileID: 5373040357019676185}
  m_Material: {fileID: 0}
  m_IsTrigger: 0
  m_Enabled: 1
  m_Radius: 0.14739309
  m_Height: 0.7369654
  m_Direction: 1
  m_Center: {x: 0, y: 0.3684827, z: 0}
--- !u!54 &5373040357019676188
Rigidbody:
  m_ObjectHideFlags: 0
  m_CorrespondingSourceObject: {fileID: 0}
  m_PrefabInstance: {fileID: 0}
  m_PrefabAsset: {fileID: 0}
  m_GameObject: {fileID: 5373040357019676185}
  serializedVersion: 2
  m_Mass: 4.375
  m_Drag: 0
  m_AngularDrag: 0.05
  m_UseGravity: 1
  m_IsKinematic: 1
  m_Interpolate: 0
  m_Constraints: 0
  m_CollisionDetection: 0
--- !u!144 &5373040357019676191
CharacterJoint:
  m_ObjectHideFlags: 0
  m_CorrespondingSourceObject: {fileID: 0}
  m_PrefabInstance: {fileID: 0}
  m_PrefabAsset: {fileID: 0}
  m_GameObject: {fileID: 5373040357019676185}
  m_ConnectedBody: {fileID: 5373040357206082716}
  m_ConnectedArticulationBody: {fileID: 0}
  m_Anchor: {x: 0, y: 0, z: 0}
  m_Axis: {x: 1, y: 0, z: 0}
  m_AutoConfigureConnectedAnchor: 1
  m_ConnectedAnchor: {x: 0.000000230968, y: 0.4447355, z: -0.00000014901161}
  serializedVersion: 2
  m_SwingAxis: {x: 0, y: 0, z: -1}
  m_TwistLimitSpring:
    spring: 0
    damper: 0
  m_LowTwistLimit:
    limit: -90
    bounciness: 0
    contactDistance: 0
  m_HighTwistLimit:
    limit: 0
    bounciness: 0
    contactDistance: 0
  m_SwingLimitSpring:
    spring: 0
    damper: 0
  m_Swing1Limit:
    limit: 0
    bounciness: 0
    contactDistance: 0
  m_Swing2Limit:
    limit: 0
    bounciness: 0
    contactDistance: 0
  m_EnableProjection: 0
  m_ProjectionDistance: 0.1
  m_ProjectionAngle: 180
  m_BreakForce: Infinity
  m_BreakTorque: Infinity
  m_EnableCollision: 0
  m_EnablePreprocessing: 0
  m_MassScale: 1
  m_ConnectedMassScale: 1
--- !u!1 &5373040357022589200
GameObject:
  m_ObjectHideFlags: 0
  m_CorrespondingSourceObject: {fileID: 0}
  m_PrefabInstance: {fileID: 0}
  m_PrefabAsset: {fileID: 0}
  serializedVersion: 6
  m_Component:
  - component: {fileID: 5373040357022589201}
  m_Layer: 0
  m_Name: mixamorig1:LeftHandMiddle4
  m_TagString: Untagged
  m_Icon: {fileID: 0}
  m_NavMeshLayer: 0
  m_StaticEditorFlags: 0
  m_IsActive: 1
--- !u!4 &5373040357022589201
Transform:
  m_ObjectHideFlags: 0
  m_CorrespondingSourceObject: {fileID: 0}
  m_PrefabInstance: {fileID: 0}
  m_PrefabAsset: {fileID: 0}
  m_GameObject: {fileID: 5373040357022589200}
  m_LocalRotation: {x: 0, y: -0, z: -0, w: 1}
  m_LocalPosition: {x: -0.00003395727, y: 0.04675995, z: 9.915027e-11}
  m_LocalScale: {x: 1, y: 1, z: 1}
  m_Children: []
  m_Father: {fileID: 5373040356665526479}
  m_RootOrder: 0
  m_LocalEulerAnglesHint: {x: 0, y: 0, z: 0}
--- !u!1 &5373040357025712925
GameObject:
  m_ObjectHideFlags: 0
  m_CorrespondingSourceObject: {fileID: 0}
  m_PrefabInstance: {fileID: 0}
  m_PrefabAsset: {fileID: 0}
  serializedVersion: 6
  m_Component:
  - component: {fileID: 5373040357025712914}
  m_Layer: 0
  m_Name: mixamorig1:RightHandIndex4
  m_TagString: Untagged
  m_Icon: {fileID: 0}
  m_NavMeshLayer: 0
  m_StaticEditorFlags: 0
  m_IsActive: 1
--- !u!4 &5373040357025712914
Transform:
  m_ObjectHideFlags: 0
  m_CorrespondingSourceObject: {fileID: 0}
  m_PrefabInstance: {fileID: 0}
  m_PrefabAsset: {fileID: 0}
  m_GameObject: {fileID: 5373040357025712925}
  m_LocalRotation: {x: 0, y: -0, z: -0, w: 1}
  m_LocalPosition: {x: -0.00005348965, y: 0.039834097, z: -2.0846443e-10}
  m_LocalScale: {x: 1, y: 1, z: 1}
  m_Children: []
  m_Father: {fileID: 5373040358113627566}
  m_RootOrder: 0
  m_LocalEulerAnglesHint: {x: 0, y: 0, z: 0}
--- !u!1 &5373040357064927772
GameObject:
  m_ObjectHideFlags: 0
  m_CorrespondingSourceObject: {fileID: 0}
  m_PrefabInstance: {fileID: 0}
  m_PrefabAsset: {fileID: 0}
  serializedVersion: 6
  m_Component:
  - component: {fileID: 5373040357064927773}
  - component: {fileID: 5373040357064927762}
  m_Layer: 0
  m_Name: Ch29
  m_TagString: Untagged
  m_Icon: {fileID: 0}
  m_NavMeshLayer: 0
  m_StaticEditorFlags: 0
  m_IsActive: 1
--- !u!4 &5373040357064927773
Transform:
  m_ObjectHideFlags: 0
  m_CorrespondingSourceObject: {fileID: 0}
  m_PrefabInstance: {fileID: 0}
  m_PrefabAsset: {fileID: 0}
  m_GameObject: {fileID: 5373040357064927772}
  m_LocalRotation: {x: 0, y: -0, z: -0, w: 1}
  m_LocalPosition: {x: -0, y: 0, z: 0}
  m_LocalScale: {x: 1, y: 1, z: 1}
  m_Children: []
  m_Father: {fileID: 5373040356626339292}
  m_RootOrder: 0
  m_LocalEulerAnglesHint: {x: 0, y: 0, z: 0}
--- !u!137 &5373040357064927762
SkinnedMeshRenderer:
  m_ObjectHideFlags: 0
  m_CorrespondingSourceObject: {fileID: 0}
  m_PrefabInstance: {fileID: 0}
  m_PrefabAsset: {fileID: 0}
  m_GameObject: {fileID: 5373040357064927772}
  m_Enabled: 1
  m_CastShadows: 1
  m_ReceiveShadows: 1
  m_DynamicOccludee: 1
  m_MotionVectors: 1
  m_LightProbeUsage: 1
  m_ReflectionProbeUsage: 1
  m_RayTracingMode: 3
  m_RayTraceProcedural: 0
  m_RenderingLayerMask: 1
  m_RendererPriority: 0
  m_Materials:
  - {fileID: 2100000, guid: c1285496376b76749b078321e752490c, type: 2}
  m_StaticBatchInfo:
    firstSubMesh: 0
    subMeshCount: 0
  m_StaticBatchRoot: {fileID: 0}
  m_ProbeAnchor: {fileID: 0}
  m_LightProbeVolumeOverride: {fileID: 0}
  m_ScaleInLightmap: 1
  m_ReceiveGI: 1
  m_PreserveUVs: 0
  m_IgnoreNormalsForChartDetection: 0
  m_ImportantGI: 0
  m_StitchLightmapSeams: 1
  m_SelectedEditorRenderState: 3
  m_MinimumChartSize: 4
  m_AutoUVMaxDistance: 0.5
  m_AutoUVMaxAngle: 89
  m_LightmapParameters: {fileID: 0}
  m_SortingLayerID: 0
  m_SortingLayer: 0
  m_SortingOrder: 0
  serializedVersion: 2
  m_Quality: 0
  m_UpdateWhenOffscreen: 0
  m_SkinnedMotionVectors: 1
  m_Mesh: {fileID: -5750481594280307396, guid: f3c1cc9265f9eb2469179229485efc16, type: 3}
  m_Bones:
  - {fileID: 5373040356989450669}
  - {fileID: 5373040356742046643}
  - {fileID: 5373040357846309344}
  - {fileID: 5373040356566485196}
  - {fileID: 5373040357177483854}
  - {fileID: 5373040357692044594}
  - {fileID: 5373040356606159926}
  - {fileID: 5373040357130267776}
  - {fileID: 5373040357339246000}
  - {fileID: 5373040358275993169}
  - {fileID: 5373040356760901816}
  - {fileID: 5373040356194974445}
  - {fileID: 5373040358123602529}
  - {fileID: 5373040357311081605}
  - {fileID: 5373040357227697084}
  - {fileID: 5373040357206082719}
  - {fileID: 5373040356179860766}
  - {fileID: 5373040357142717299}
  - {fileID: 5373040358255084672}
  - {fileID: 5373040357019676190}
  - {fileID: 5373040356890128582}
  - {fileID: 5373040356966809621}
  - {fileID: 5373040358260297623}
  - {fileID: 5373040357419590830}
  - {fileID: 5373040357711067675}
  - {fileID: 5373040357646686854}
  - {fileID: 5373040356423351324}
  - {fileID: 5373040357092839069}
  - {fileID: 5373040356273310095}
  - {fileID: 5373040358290982133}
  - {fileID: 5373040356344986261}
  - {fileID: 5373040356850898026}
  - {fileID: 5373040356617365523}
  - {fileID: 5373040358113627566}
  - {fileID: 5373040357313409665}
  - {fileID: 5373040358084395555}
  - {fileID: 5373040357200674894}
  - {fileID: 5373040358283775189}
  - {fileID: 5373040356162928606}
  - {fileID: 5373040357958760060}
  - {fileID: 5373040356835279741}
  - {fileID: 5373040357601926194}
  - {fileID: 5373040356484540485}
  - {fileID: 5373040357703918794}
  - {fileID: 5373040357693593626}
  - {fileID: 5373040357466016118}
  - {fileID: 5373040357294934551}
  - {fileID: 5373040356474457040}
  - {fileID: 5373040356396420232}
  - {fileID: 5373040356665526479}
  - {fileID: 5373040357545592844}
  - {fileID: 5373040357351896633}
  m_BlendShapeWeights: []
  m_RootBone: {fileID: 5373040358275993169}
  m_AABB:
    m_Center: {x: -0.11531347, y: -0.32149142, z: 0.23109517}
    m_Extent: {x: 0.6756894, y: 1.6192455, z: 0.7467469}
  m_DirtyAABB: 0
--- !u!1 &5373040357092839068
GameObject:
  m_ObjectHideFlags: 0
  m_CorrespondingSourceObject: {fileID: 0}
  m_PrefabInstance: {fileID: 0}
  m_PrefabAsset: {fileID: 0}
  serializedVersion: 6
  m_Component:
  - component: {fileID: 5373040357092839069}
  m_Layer: 0
  m_Name: mixamorig1:RightHandPinky2
  m_TagString: Untagged
  m_Icon: {fileID: 0}
  m_NavMeshLayer: 0
  m_StaticEditorFlags: 0
  m_IsActive: 1
--- !u!4 &5373040357092839069
Transform:
  m_ObjectHideFlags: 0
  m_CorrespondingSourceObject: {fileID: 0}
  m_PrefabInstance: {fileID: 0}
  m_PrefabAsset: {fileID: 0}
  m_GameObject: {fileID: 5373040357092839068}
  m_LocalRotation: {x: 0.3104807, y: 0.08153321, z: -0.04817435, w: 0.94585055}
  m_LocalPosition: {x: -0.000018092254, y: 0.04204851, z: 1.0945598e-10}
  m_LocalScale: {x: 1, y: 1, z: 1}
  m_Children:
  - {fileID: 5373040356850898026}
  m_Father: {fileID: 5373040356423351324}
  m_RootOrder: 0
  m_LocalEulerAnglesHint: {x: 36.942394, y: -1.0823051, z: -3.2164862}
--- !u!1 &5373040357130267779
GameObject:
  m_ObjectHideFlags: 0
  m_CorrespondingSourceObject: {fileID: 0}
  m_PrefabInstance: {fileID: 0}
  m_PrefabAsset: {fileID: 0}
  serializedVersion: 6
  m_Component:
  - component: {fileID: 5373040357130267776}
  - component: {fileID: 5373040357130267783}
  - component: {fileID: 5373040357130267782}
  - component: {fileID: 5373040357130267777}
  m_Layer: 0
  m_Name: mixamorig1:RightLeg
  m_TagString: Untagged
  m_Icon: {fileID: 0}
  m_NavMeshLayer: 0
  m_StaticEditorFlags: 0
  m_IsActive: 1
--- !u!4 &5373040357130267776
Transform:
  m_ObjectHideFlags: 0
  m_CorrespondingSourceObject: {fileID: 0}
  m_PrefabInstance: {fileID: 0}
  m_PrefabAsset: {fileID: 0}
  m_GameObject: {fileID: 5373040357130267779}
  m_LocalRotation: {x: -0.16588789, y: -0.072133794, z: 0.0122082485, w: 0.9834271}
  m_LocalPosition: {x: -0.0054096906, y: 0.62949586, z: -0.0015046429}
  m_LocalScale: {x: 1, y: 1, z: 1}
  m_Children:
  - {fileID: 5373040356606159926}
  m_Father: {fileID: 5373040356194974445}
  m_RootOrder: 0
  m_LocalEulerAnglesHint: {x: -77.27062, y: 27.219763, z: -27.563158}
--- !u!136 &5373040357130267783
CapsuleCollider:
  m_ObjectHideFlags: 0
  m_CorrespondingSourceObject: {fileID: 0}
  m_PrefabInstance: {fileID: 0}
  m_PrefabAsset: {fileID: 0}
  m_GameObject: {fileID: 5373040357130267779}
  m_Material: {fileID: 0}
  m_IsTrigger: 0
  m_Enabled: 1
  m_Radius: 0.26323694
  m_Height: 1.0529478
  m_Direction: 1
  m_Center: {x: 0, y: 0.5264739, z: 0}
--- !u!54 &5373040357130267782
Rigidbody:
  m_ObjectHideFlags: 0
  m_CorrespondingSourceObject: {fileID: 0}
  m_PrefabInstance: {fileID: 0}
  m_PrefabAsset: {fileID: 0}
  m_GameObject: {fileID: 5373040357130267779}
  serializedVersion: 2
  m_Mass: 6.5625
  m_Drag: 0
  m_AngularDrag: 0.05
  m_UseGravity: 1
  m_IsKinematic: 1
  m_Interpolate: 0
  m_Constraints: 0
  m_CollisionDetection: 0
--- !u!144 &5373040357130267777
CharacterJoint:
  m_ObjectHideFlags: 0
  m_CorrespondingSourceObject: {fileID: 0}
  m_PrefabInstance: {fileID: 0}
  m_PrefabAsset: {fileID: 0}
  m_GameObject: {fileID: 5373040357130267779}
  m_ConnectedBody: {fileID: 5373040356194974434}
  m_ConnectedArticulationBody: {fileID: 0}
  m_Anchor: {x: 0, y: 0, z: 0}
  m_Axis: {x: -1, y: 0, z: 0}
  m_AutoConfigureConnectedAnchor: 1
  m_ConnectedAnchor: {x: -0.0054096766, y: 0.6294958, z: -0.0015049875}
  serializedVersion: 2
  m_SwingAxis: {x: 0, y: 0, z: 1}
  m_TwistLimitSpring:
    spring: 0
    damper: 0
  m_LowTwistLimit:
    limit: -80
    bounciness: 0
    contactDistance: 0
  m_HighTwistLimit:
    limit: 0
    bounciness: 0
    contactDistance: 0
  m_SwingLimitSpring:
    spring: 0
    damper: 0
  m_Swing1Limit:
    limit: 0
    bounciness: 0
    contactDistance: 0
  m_Swing2Limit:
    limit: 0
    bounciness: 0
    contactDistance: 0
  m_EnableProjection: 0
  m_ProjectionDistance: 0.1
  m_ProjectionAngle: 180
  m_BreakForce: Infinity
  m_BreakTorque: Infinity
  m_EnableCollision: 0
  m_EnablePreprocessing: 0
  m_MassScale: 1
  m_ConnectedMassScale: 1
--- !u!1 &5373040357142717298
GameObject:
  m_ObjectHideFlags: 0
  m_CorrespondingSourceObject: {fileID: 0}
  m_PrefabInstance: {fileID: 0}
  m_PrefabAsset: {fileID: 0}
  serializedVersion: 6
  m_Component:
  - component: {fileID: 5373040357142717299}
  - component: {fileID: 5373040357142717302}
  - component: {fileID: 5373040357142717296}
  - component: {fileID: 5373040357142717297}
  m_Layer: 0
  m_Name: mixamorig1:RightArm
  m_TagString: Untagged
  m_Icon: {fileID: 0}
  m_NavMeshLayer: 0
  m_StaticEditorFlags: 0
  m_IsActive: 1
--- !u!4 &5373040357142717299
Transform:
  m_ObjectHideFlags: 0
  m_CorrespondingSourceObject: {fileID: 0}
  m_PrefabInstance: {fileID: 0}
  m_PrefabAsset: {fileID: 0}
  m_GameObject: {fileID: 5373040357142717298}
  m_LocalRotation: {x: 0.44525948, y: 0.023648748, z: -0.0064489003, w: 0.895066}
  m_LocalPosition: {x: -3.4843593e-12, y: 0.15575013, z: 2.5212415e-10}
  m_LocalScale: {x: 1, y: 1, z: 1}
  m_Children:
  - {fileID: 5373040358255084672}
  m_Father: {fileID: 5373040356179860766}
  m_RootOrder: 0
  m_LocalEulerAnglesHint: {x: 10.167123, y: -60.386276, z: 30.837337}
--- !u!136 &5373040357142717302
CapsuleCollider:
  m_ObjectHideFlags: 0
  m_CorrespondingSourceObject: {fileID: 0}
  m_PrefabInstance: {fileID: 0}
  m_PrefabAsset: {fileID: 0}
  m_GameObject: {fileID: 5373040357142717298}
  m_Material: {fileID: 0}
  m_IsTrigger: 0
  m_Enabled: 1
  m_Radius: 0.11118911
  m_Height: 0.44475645
  m_Direction: 1
  m_Center: {x: 0, y: 0.22237822, z: 0}
--- !u!54 &5373040357142717296
Rigidbody:
  m_ObjectHideFlags: 0
  m_CorrespondingSourceObject: {fileID: 0}
  m_PrefabInstance: {fileID: 0}
  m_PrefabAsset: {fileID: 0}
  m_GameObject: {fileID: 5373040357142717298}
  serializedVersion: 2
  m_Mass: 4.375
  m_Drag: 0
  m_AngularDrag: 0.05
  m_UseGravity: 1
  m_IsKinematic: 1
  m_Interpolate: 0
  m_Constraints: 0
  m_CollisionDetection: 0
--- !u!144 &5373040357142717297
CharacterJoint:
  m_ObjectHideFlags: 0
  m_CorrespondingSourceObject: {fileID: 0}
  m_PrefabInstance: {fileID: 0}
  m_PrefabAsset: {fileID: 0}
  m_GameObject: {fileID: 5373040357142717298}
  m_ConnectedBody: {fileID: 5373040357311081626}
  m_ConnectedArticulationBody: {fileID: 0}
  m_Anchor: {x: 0, y: 0, z: 0}
  m_Axis: {x: 0, y: 0, z: -1}
  m_AutoConfigureConnectedAnchor: 1
  m_ConnectedAnchor: {x: 0.21645251, y: 0.4215079, z: -0.020211283}
  serializedVersion: 2
  m_SwingAxis: {x: -1, y: 0, z: 0}
  m_TwistLimitSpring:
    spring: 0
    damper: 0
  m_LowTwistLimit:
    limit: -70
    bounciness: 0
    contactDistance: 0
  m_HighTwistLimit:
    limit: 10
    bounciness: 0
    contactDistance: 0
  m_SwingLimitSpring:
    spring: 0
    damper: 0
  m_Swing1Limit:
    limit: 50
    bounciness: 0
    contactDistance: 0
  m_Swing2Limit:
    limit: 0
    bounciness: 0
    contactDistance: 0
  m_EnableProjection: 0
  m_ProjectionDistance: 0.1
  m_ProjectionAngle: 180
  m_BreakForce: Infinity
  m_BreakTorque: Infinity
  m_EnableCollision: 0
  m_EnablePreprocessing: 0
  m_MassScale: 1
  m_ConnectedMassScale: 1
--- !u!1 &5373040357177483849
GameObject:
  m_ObjectHideFlags: 0
  m_CorrespondingSourceObject: {fileID: 0}
  m_PrefabInstance: {fileID: 0}
  m_PrefabAsset: {fileID: 0}
  serializedVersion: 6
  m_Component:
  - component: {fileID: 5373040357177483854}
  m_Layer: 0
  m_Name: mixamorig1:LeftFoot
  m_TagString: Untagged
  m_Icon: {fileID: 0}
  m_NavMeshLayer: 0
  m_StaticEditorFlags: 0
  m_IsActive: 1
--- !u!4 &5373040357177483854
Transform:
  m_ObjectHideFlags: 0
  m_CorrespondingSourceObject: {fileID: 0}
  m_PrefabInstance: {fileID: 0}
  m_PrefabAsset: {fileID: 0}
  m_GameObject: {fileID: 5373040357177483849}
  m_LocalRotation: {x: 0.41019464, y: -0.03760587, z: -0.060568303, w: 0.90920717}
  m_LocalPosition: {x: -9.800946e-10, y: 0.9238082, z: 0.0000000016373625}
  m_LocalScale: {x: 1, y: 1, z: 1}
  m_Children:
  - {fileID: 5373040357692044594}
  m_Father: {fileID: 5373040356566485196}
  m_RootOrder: 0
  m_LocalEulerAnglesHint: {x: 40.61087, y: -9.491775, z: -31.470894}
--- !u!1 &5373040357196669518
GameObject:
  m_ObjectHideFlags: 0
  m_CorrespondingSourceObject: {fileID: 0}
  m_PrefabInstance: {fileID: 0}
  m_PrefabAsset: {fileID: 0}
  serializedVersion: 6
  m_Component:
  - component: {fileID: 5373040357196669519}
  m_Layer: 0
  m_Name: mixamorig1:LeftHandRing4
  m_TagString: Untagged
  m_Icon: {fileID: 0}
  m_NavMeshLayer: 0
  m_StaticEditorFlags: 0
  m_IsActive: 1
--- !u!4 &5373040357196669519
Transform:
  m_ObjectHideFlags: 0
  m_CorrespondingSourceObject: {fileID: 0}
  m_PrefabInstance: {fileID: 0}
  m_PrefabAsset: {fileID: 0}
  m_GameObject: {fileID: 5373040357196669518}
  m_LocalRotation: {x: 0, y: -0, z: -0, w: 1}
  m_LocalPosition: {x: -0.000050356102, y: 0.037890732, z: 4.6612738e-11}
  m_LocalScale: {x: 1, y: 1, z: 1}
  m_Children: []
  m_Father: {fileID: 5373040356396420232}
  m_RootOrder: 0
  m_LocalEulerAnglesHint: {x: 0, y: 0, z: 0}
--- !u!1 &5373040357200674889
GameObject:
  m_ObjectHideFlags: 0
  m_CorrespondingSourceObject: {fileID: 0}
  m_PrefabInstance: {fileID: 0}
  m_PrefabAsset: {fileID: 0}
  serializedVersion: 6
  m_Component:
  - component: {fileID: 5373040357200674894}
  m_Layer: 0
  m_Name: mixamorig1:RightHandThumb2
  m_TagString: Untagged
  m_Icon: {fileID: 0}
  m_NavMeshLayer: 0
  m_StaticEditorFlags: 0
  m_IsActive: 1
--- !u!4 &5373040357200674894
Transform:
  m_ObjectHideFlags: 0
  m_CorrespondingSourceObject: {fileID: 0}
  m_PrefabInstance: {fileID: 0}
  m_PrefabAsset: {fileID: 0}
  m_GameObject: {fileID: 5373040357200674889}
  m_LocalRotation: {x: 0.03536473, y: -0.17543297, z: -0.11560308, w: 0.9770407}
  m_LocalPosition: {x: -0.0038608056, y: 0.04476464, z: 1.2579221e-10}
  m_LocalScale: {x: 1, y: 1, z: 1}
  m_Children:
  - {fileID: 5373040358283775189}
  m_Father: {fileID: 5373040358084395555}
  m_RootOrder: 0
  m_LocalEulerAnglesHint: {x: -0.43878147, y: -2.084764, z: -19.581604}
--- !u!1 &5373040357206082718
GameObject:
  m_ObjectHideFlags: 0
  m_CorrespondingSourceObject: {fileID: 0}
  m_PrefabInstance: {fileID: 0}
  m_PrefabAsset: {fileID: 0}
  serializedVersion: 6
  m_Component:
  - component: {fileID: 5373040357206082719}
  - component: {fileID: 5373040357206082706}
  - component: {fileID: 5373040357206082716}
  - component: {fileID: 5373040357206082717}
  m_Layer: 0
  m_Name: mixamorig1:LeftArm
  m_TagString: Untagged
  m_Icon: {fileID: 0}
  m_NavMeshLayer: 0
  m_StaticEditorFlags: 0
  m_IsActive: 1
--- !u!4 &5373040357206082719
Transform:
  m_ObjectHideFlags: 0
  m_CorrespondingSourceObject: {fileID: 0}
  m_PrefabInstance: {fileID: 0}
  m_PrefabAsset: {fileID: 0}
  m_GameObject: {fileID: 5373040357206082718}
  m_LocalRotation: {x: 0.41669917, y: -0.10405189, z: -0.1637135, w: 0.8881064}
  m_LocalPosition: {x: -1.3710739e-11, y: 0.15575013, z: 2.5175836e-10}
  m_LocalScale: {x: 1, y: 1, z: 1}
  m_Children:
  - {fileID: 5373040357019676190}
  m_Father: {fileID: 5373040358123602529}
  m_RootOrder: 0
  m_LocalEulerAnglesHint: {x: 14.108527, y: -20.72704, z: -15.61485}
--- !u!136 &5373040357206082706
CapsuleCollider:
  m_ObjectHideFlags: 0
  m_CorrespondingSourceObject: {fileID: 0}
  m_PrefabInstance: {fileID: 0}
  m_PrefabAsset: {fileID: 0}
  m_GameObject: {fileID: 5373040357206082718}
  m_Material: {fileID: 0}
  m_IsTrigger: 0
  m_Enabled: 1
  m_Radius: 0.11118381
  m_Height: 0.44473523
  m_Direction: 1
  m_Center: {x: 0, y: 0.22236761, z: 0}
--- !u!54 &5373040357206082716
Rigidbody:
  m_ObjectHideFlags: 0
  m_CorrespondingSourceObject: {fileID: 0}
  m_PrefabInstance: {fileID: 0}
  m_PrefabAsset: {fileID: 0}
  m_GameObject: {fileID: 5373040357206082718}
  serializedVersion: 2
  m_Mass: 4.375
  m_Drag: 0
  m_AngularDrag: 0.05
  m_UseGravity: 1
  m_IsKinematic: 1
  m_Interpolate: 0
  m_Constraints: 0
  m_CollisionDetection: 0
--- !u!144 &5373040357206082717
CharacterJoint:
  m_ObjectHideFlags: 0
  m_CorrespondingSourceObject: {fileID: 0}
  m_PrefabInstance: {fileID: 0}
  m_PrefabAsset: {fileID: 0}
  m_GameObject: {fileID: 5373040357206082718}
  m_ConnectedBody: {fileID: 5373040357311081626}
  m_ConnectedArticulationBody: {fileID: 0}
  m_Anchor: {x: 0, y: 0, z: 0}
  m_Axis: {x: 0, y: 0, z: -1}
  m_AutoConfigureConnectedAnchor: 1
  m_ConnectedAnchor: {x: -0.2094121, y: 0.44985855, z: -0.012835052}
  serializedVersion: 2
  m_SwingAxis: {x: 1, y: 0, z: 0}
  m_TwistLimitSpring:
    spring: 0
    damper: 0
  m_LowTwistLimit:
    limit: -70
    bounciness: 0
    contactDistance: 0
  m_HighTwistLimit:
    limit: 10
    bounciness: 0
    contactDistance: 0
  m_SwingLimitSpring:
    spring: 0
    damper: 0
  m_Swing1Limit:
    limit: 50
    bounciness: 0
    contactDistance: 0
  m_Swing2Limit:
    limit: 0
    bounciness: 0
    contactDistance: 0
  m_EnableProjection: 0
  m_ProjectionDistance: 0.1
  m_ProjectionAngle: 180
  m_BreakForce: Infinity
  m_BreakTorque: Infinity
  m_EnableCollision: 0
  m_EnablePreprocessing: 0
  m_MassScale: 1
  m_ConnectedMassScale: 1
--- !u!1 &5373040357227697087
GameObject:
  m_ObjectHideFlags: 0
  m_CorrespondingSourceObject: {fileID: 0}
  m_PrefabInstance: {fileID: 0}
  m_PrefabAsset: {fileID: 0}
  serializedVersion: 6
  m_Component:
  - component: {fileID: 5373040357227697084}
  m_Layer: 0
  m_Name: mixamorig1:Spine1
  m_TagString: Untagged
  m_Icon: {fileID: 0}
  m_NavMeshLayer: 0
  m_StaticEditorFlags: 0
  m_IsActive: 1
--- !u!4 &5373040357227697084
Transform:
  m_ObjectHideFlags: 0
  m_CorrespondingSourceObject: {fileID: 0}
  m_PrefabInstance: {fileID: 0}
  m_PrefabAsset: {fileID: 0}
  m_GameObject: {fileID: 5373040357227697087}
  m_LocalRotation: {x: -0.024111189, y: 0.0077269203, z: -0.009303078, w: 0.9996362}
  m_LocalPosition: {x: -0, y: 0.15424694, z: -4.528264e-11}
  m_LocalScale: {x: 1, y: 1, z: 1}
  m_Children:
  - {fileID: 5373040357846309344}
  m_Father: {fileID: 5373040357311081605}
  m_RootOrder: 0
  m_LocalEulerAnglesHint: {x: 14.024011, y: -1.8949584, z: 0.9274247}
--- !u!1 &5373040357294934550
GameObject:
  m_ObjectHideFlags: 0
  m_CorrespondingSourceObject: {fileID: 0}
  m_PrefabInstance: {fileID: 0}
  m_PrefabAsset: {fileID: 0}
  serializedVersion: 6
  m_Component:
  - component: {fileID: 5373040357294934551}
  m_Layer: 0
  m_Name: mixamorig1:LeftHandMiddle2
  m_TagString: Untagged
  m_Icon: {fileID: 0}
  m_NavMeshLayer: 0
  m_StaticEditorFlags: 0
  m_IsActive: 1
--- !u!4 &5373040357294934551
Transform:
  m_ObjectHideFlags: 0
  m_CorrespondingSourceObject: {fileID: 0}
  m_PrefabInstance: {fileID: 0}
  m_PrefabAsset: {fileID: 0}
  m_GameObject: {fileID: 5373040357294934550}
  m_LocalRotation: {x: 0.17780903, y: 0.0056898505, z: 0.044446673, w: 0.9830443}
  m_LocalPosition: {x: 0.000061691055, y: 0.05474018, z: -1.2741452e-11}
  m_LocalScale: {x: 1, y: 1, z: 1}
  m_Children:
  - {fileID: 5373040356665526479}
  m_Father: {fileID: 5373040357601926194}
  m_RootOrder: 0
  m_LocalEulerAnglesHint: {x: 15.166808, y: 0.21012399, z: 1.6031222}
--- !u!1 &5373040357311081604
GameObject:
  m_ObjectHideFlags: 0
  m_CorrespondingSourceObject: {fileID: 0}
  m_PrefabInstance: {fileID: 0}
  m_PrefabAsset: {fileID: 0}
  serializedVersion: 6
  m_Component:
  - component: {fileID: 5373040357311081605}
  - component: {fileID: 5373040357311081624}
  - component: {fileID: 5373040357311081626}
  - component: {fileID: 5373040357311081627}
  m_Layer: 0
  m_Name: mixamorig1:Spine
  m_TagString: Untagged
  m_Icon: {fileID: 0}
  m_NavMeshLayer: 0
  m_StaticEditorFlags: 0
  m_IsActive: 1
--- !u!4 &5373040357311081605
Transform:
  m_ObjectHideFlags: 0
  m_CorrespondingSourceObject: {fileID: 0}
  m_PrefabInstance: {fileID: 0}
  m_PrefabAsset: {fileID: 0}
  m_GameObject: {fileID: 5373040357311081604}
  m_LocalRotation: {x: 0.06321775, y: 0.011923829, z: 0.036030855, w: 0.99727786}
  m_LocalPosition: {x: -0, y: 0.13218535, z: -0.0026284216}
  m_LocalScale: {x: 1, y: 1, z: 1}
  m_Children:
  - {fileID: 5373040357227697084}
  m_Father: {fileID: 5373040358275993169}
  m_RootOrder: 2
  m_LocalEulerAnglesHint: {x: 19.15699, y: -6.5093393, z: 5.64145}
--- !u!65 &5373040357311081624
BoxCollider:
  m_ObjectHideFlags: 0
  m_CorrespondingSourceObject: {fileID: 0}
  m_PrefabInstance: {fileID: 0}
  m_PrefabAsset: {fileID: 0}
  m_GameObject: {fileID: 5373040357311081604}
  m_Material: {fileID: 0}
  m_IsTrigger: 0
  m_Enabled: 1
  serializedVersion: 2
  m_Size: {x: 0.4352901, y: 0.44603664, z: 0.4044987}
  m_Center: {x: -0.0000010281801, y: 0.2230183, z: -0.0035258234}
--- !u!54 &5373040357311081626
Rigidbody:
  m_ObjectHideFlags: 0
  m_CorrespondingSourceObject: {fileID: 0}
  m_PrefabInstance: {fileID: 0}
  m_PrefabAsset: {fileID: 0}
  m_GameObject: {fileID: 5373040357311081604}
  serializedVersion: 2
  m_Mass: 10.9375
  m_Drag: 0
  m_AngularDrag: 0.05
  m_UseGravity: 1
  m_IsKinematic: 1
  m_Interpolate: 0
  m_Constraints: 0
  m_CollisionDetection: 0
--- !u!144 &5373040357311081627
CharacterJoint:
  m_ObjectHideFlags: 0
  m_CorrespondingSourceObject: {fileID: 0}
  m_PrefabInstance: {fileID: 0}
  m_PrefabAsset: {fileID: 0}
  m_GameObject: {fileID: 5373040357311081604}
  m_ConnectedBody: {fileID: 5373040358275993174}
  m_ConnectedArticulationBody: {fileID: 0}
  m_Anchor: {x: 0, y: 0, z: 0}
  m_Axis: {x: 1, y: 0, z: 0}
  m_AutoConfigureConnectedAnchor: 1
  m_ConnectedAnchor: {x: -0.000000007450581, y: 0.13218552, z: -0.0026284652}
  serializedVersion: 2
  m_SwingAxis: {x: 0, y: 0, z: 1}
  m_TwistLimitSpring:
    spring: 0
    damper: 0
  m_LowTwistLimit:
    limit: -20
    bounciness: 0
    contactDistance: 0
  m_HighTwistLimit:
    limit: 20
    bounciness: 0
    contactDistance: 0
  m_SwingLimitSpring:
    spring: 0
    damper: 0
  m_Swing1Limit:
    limit: 10
    bounciness: 0
    contactDistance: 0
  m_Swing2Limit:
    limit: 0
    bounciness: 0
    contactDistance: 0
  m_EnableProjection: 0
  m_ProjectionDistance: 0.1
  m_ProjectionAngle: 180
  m_BreakForce: Infinity
  m_BreakTorque: Infinity
  m_EnableCollision: 0
  m_EnablePreprocessing: 0
  m_MassScale: 1
  m_ConnectedMassScale: 1
--- !u!1 &5373040357313409664
GameObject:
  m_ObjectHideFlags: 0
  m_CorrespondingSourceObject: {fileID: 0}
  m_PrefabInstance: {fileID: 0}
  m_PrefabAsset: {fileID: 0}
  serializedVersion: 6
  m_Component:
  - component: {fileID: 5373040357313409665}
  m_Layer: 0
  m_Name: mixamorig1:RightHandMiddle3
  m_TagString: Untagged
  m_Icon: {fileID: 0}
  m_NavMeshLayer: 0
  m_StaticEditorFlags: 0
  m_IsActive: 1
--- !u!4 &5373040357313409665
Transform:
  m_ObjectHideFlags: 0
  m_CorrespondingSourceObject: {fileID: 0}
  m_PrefabInstance: {fileID: 0}
  m_PrefabAsset: {fileID: 0}
  m_GameObject: {fileID: 5373040357313409664}
  m_LocalRotation: {x: 0.13437669, y: -0.0071559814, z: -0.0070971707, w: 0.99087906}
  m_LocalPosition: {x: 0.000018154014, y: 0.051130503, z: -2.2991997e-10}
  m_LocalScale: {x: 1, y: 1, z: 1}
  m_Children:
  - {fileID: 5373040357880291177}
  m_Father: {fileID: 5373040358290982133}
  m_RootOrder: 0
  m_LocalEulerAnglesHint: {x: 4.0168796, y: -0.0068047, z: -0.17516233}
--- !u!1 &5373040357339246003
GameObject:
  m_ObjectHideFlags: 0
  m_CorrespondingSourceObject: {fileID: 0}
  m_PrefabInstance: {fileID: 0}
  m_PrefabAsset: {fileID: 0}
  serializedVersion: 6
  m_Component:
  - component: {fileID: 5373040357339246000}
  m_Layer: 0
  m_Name: mixamorig1:RightToeBase
  m_TagString: Untagged
  m_Icon: {fileID: 0}
  m_NavMeshLayer: 0
  m_StaticEditorFlags: 0
  m_IsActive: 1
--- !u!4 &5373040357339246000
Transform:
  m_ObjectHideFlags: 0
  m_CorrespondingSourceObject: {fileID: 0}
  m_PrefabInstance: {fileID: 0}
  m_PrefabAsset: {fileID: 0}
  m_GameObject: {fileID: 5373040357339246003}
  m_LocalRotation: {x: 0.5054486, y: -0.07702249, z: -0.0032937634, w: 0.85940593}
  m_LocalPosition: {x: 6.53916e-11, y: 0.2698483, z: 0.0000000014501625}
  m_LocalScale: {x: 1, y: 1, z: 1}
  m_Children:
  - {fileID: 5373040357535370467}
  m_Father: {fileID: 5373040356606159926}
  m_RootOrder: 0
  m_LocalEulerAnglesHint: {x: 80.53496, y: 12.890235, z: 16.057693}
--- !u!1 &5373040357341983168
GameObject:
  m_ObjectHideFlags: 0
  m_CorrespondingSourceObject: {fileID: 0}
  m_PrefabInstance: {fileID: 0}
  m_PrefabAsset: {fileID: 0}
  serializedVersion: 6
  m_Component:
  - component: {fileID: 5373040357341983169}
  m_Layer: 0
  m_Name: mixamorig1:HeadTop_End
  m_TagString: Untagged
  m_Icon: {fileID: 0}
  m_NavMeshLayer: 0
  m_StaticEditorFlags: 0
  m_IsActive: 1
--- !u!4 &5373040357341983169
Transform:
  m_ObjectHideFlags: 0
  m_CorrespondingSourceObject: {fileID: 0}
  m_PrefabInstance: {fileID: 0}
  m_PrefabAsset: {fileID: 0}
  m_GameObject: {fileID: 5373040357341983168}
  m_LocalRotation: {x: 0, y: -0, z: -0, w: 1}
  m_LocalPosition: {x: -0, y: 0.47339264, z: -0.022281561}
  m_LocalScale: {x: 1, y: 1, z: 1}
  m_Children: []
  m_Father: {fileID: 5373040356989450669}
  m_RootOrder: 0
  m_LocalEulerAnglesHint: {x: 0, y: 0, z: 0}
--- !u!1 &5373040357351896632
GameObject:
  m_ObjectHideFlags: 0
  m_CorrespondingSourceObject: {fileID: 0}
  m_PrefabInstance: {fileID: 0}
  m_PrefabAsset: {fileID: 0}
  serializedVersion: 6
  m_Component:
  - component: {fileID: 5373040357351896633}
  m_Layer: 0
  m_Name: mixamorig1:LeftHandIndex3
  m_TagString: Untagged
  m_Icon: {fileID: 0}
  m_NavMeshLayer: 0
  m_StaticEditorFlags: 0
  m_IsActive: 1
--- !u!4 &5373040357351896633
Transform:
  m_ObjectHideFlags: 0
  m_CorrespondingSourceObject: {fileID: 0}
  m_PrefabInstance: {fileID: 0}
  m_PrefabAsset: {fileID: 0}
  m_GameObject: {fileID: 5373040357351896632}
  m_LocalRotation: {x: 0.07500241, y: 0.01974771, z: 0.04198193, w: 0.9961035}
  m_LocalPosition: {x: -0.00003305735, y: 0.044014037, z: -1.1452044e-10}
  m_LocalScale: {x: 1, y: 1, z: 1}
  m_Children:
  - {fileID: 5373040357955101927}
  m_Father: {fileID: 5373040357545592844}
  m_RootOrder: 0
  m_LocalEulerAnglesHint: {x: 5.308768, y: 0.031765863, z: 0.64835167}
--- !u!1 &5373040357361683421
GameObject:
  m_ObjectHideFlags: 0
  m_CorrespondingSourceObject: {fileID: 0}
  m_PrefabInstance: {fileID: 0}
  m_PrefabAsset: {fileID: 0}
  serializedVersion: 6
  m_Component:
  - component: {fileID: 5373040357361683410}
  m_Layer: 0
  m_Name: mixamorig1:LeftHandThumb4
  m_TagString: Untagged
  m_Icon: {fileID: 0}
  m_NavMeshLayer: 0
  m_StaticEditorFlags: 0
  m_IsActive: 1
--- !u!4 &5373040357361683410
Transform:
  m_ObjectHideFlags: 0
  m_CorrespondingSourceObject: {fileID: 0}
  m_PrefabInstance: {fileID: 0}
  m_PrefabAsset: {fileID: 0}
  m_GameObject: {fileID: 5373040357361683421}
  m_LocalRotation: {x: 0, y: -0, z: -0, w: 1}
  m_LocalPosition: {x: -0.0057866485, y: 0.04076996, z: 1.3203873e-10}
  m_LocalScale: {x: 1, y: 1, z: 1}
  m_Children: []
  m_Father: {fileID: 5373040357466016118}
  m_RootOrder: 0
  m_LocalEulerAnglesHint: {x: 0, y: 0, z: 0}
--- !u!1 &5373040357419590825
GameObject:
  m_ObjectHideFlags: 0
  m_CorrespondingSourceObject: {fileID: 0}
  m_PrefabInstance: {fileID: 0}
  m_PrefabAsset: {fileID: 0}
  serializedVersion: 6
  m_Component:
  - component: {fileID: 5373040357419590830}
  m_Layer: 0
  m_Name: mixamorig1:LeftHandRing1
  m_TagString: Untagged
  m_Icon: {fileID: 0}
  m_NavMeshLayer: 0
  m_StaticEditorFlags: 0
  m_IsActive: 1
--- !u!4 &5373040357419590830
Transform:
  m_ObjectHideFlags: 0
  m_CorrespondingSourceObject: {fileID: 0}
  m_PrefabInstance: {fileID: 0}
  m_PrefabAsset: {fileID: 0}
  m_GameObject: {fileID: 5373040357419590825}
  m_LocalRotation: {x: 0.05526231, y: 0.042360485, z: 0.03540485, w: 0.9969444}
  m_LocalPosition: {x: -0.016059978, y: 0.12993826, z: -0.00003893224}
  m_LocalScale: {x: 1, y: 1, z: 1}
  m_Children:
  - {fileID: 5373040356162928606}
  m_Father: {fileID: 5373040358260297623}
  m_RootOrder: 3
  m_LocalEulerAnglesHint: {x: 16.35653, y: -1.2241653, z: 10.764878}
--- !u!1 &5373040357458832575
GameObject:
  m_ObjectHideFlags: 0
  m_CorrespondingSourceObject: {fileID: 0}
  m_PrefabInstance: {fileID: 0}
  m_PrefabAsset: {fileID: 0}
  serializedVersion: 6
  m_Component:
  - component: {fileID: 5373040357458832572}
  m_Layer: 0
  m_Name: mixamorig1:LeftHandPinky4
  m_TagString: Untagged
  m_Icon: {fileID: 0}
  m_NavMeshLayer: 0
  m_StaticEditorFlags: 0
  m_IsActive: 1
--- !u!4 &5373040357458832572
Transform:
  m_ObjectHideFlags: 0
  m_CorrespondingSourceObject: {fileID: 0}
  m_PrefabInstance: {fileID: 0}
  m_PrefabAsset: {fileID: 0}
  m_GameObject: {fileID: 5373040357458832575}
  m_LocalRotation: {x: 0, y: -0, z: -0, w: 1}
  m_LocalPosition: {x: -0.00000281797, y: 0.031101217, z: -1.488928e-11}
  m_LocalScale: {x: 1, y: 1, z: 1}
  m_Children: []
  m_Father: {fileID: 5373040356474457040}
  m_RootOrder: 0
  m_LocalEulerAnglesHint: {x: 0, y: 0, z: 0}
--- !u!1 &5373040357466016113
GameObject:
  m_ObjectHideFlags: 0
  m_CorrespondingSourceObject: {fileID: 0}
  m_PrefabInstance: {fileID: 0}
  m_PrefabAsset: {fileID: 0}
  serializedVersion: 6
  m_Component:
  - component: {fileID: 5373040357466016118}
  m_Layer: 0
  m_Name: mixamorig1:LeftHandThumb3
  m_TagString: Untagged
  m_Icon: {fileID: 0}
  m_NavMeshLayer: 0
  m_StaticEditorFlags: 0
  m_IsActive: 1
--- !u!4 &5373040357466016118
Transform:
  m_ObjectHideFlags: 0
  m_CorrespondingSourceObject: {fileID: 0}
  m_PrefabInstance: {fileID: 0}
  m_PrefabAsset: {fileID: 0}
  m_GameObject: {fileID: 5373040357466016113}
  m_LocalRotation: {x: -0.015479696, y: 0.073692806, z: -0.16435486, w: 0.9835229}
  m_LocalPosition: {x: 0.0010138158, y: 0.048922554, z: -1.7808417e-10}
  m_LocalScale: {x: 1, y: 1, z: 1}
  m_Children:
  - {fileID: 5373040357361683410}
  m_Father: {fileID: 5373040357693593626}
  m_RootOrder: 0
  m_LocalEulerAnglesHint: {x: -15.537793, y: 5.531888, z: -34.711773}
--- !u!1 &5373040357535370466
GameObject:
  m_ObjectHideFlags: 0
  m_CorrespondingSourceObject: {fileID: 0}
  m_PrefabInstance: {fileID: 0}
  m_PrefabAsset: {fileID: 0}
  serializedVersion: 6
  m_Component:
  - component: {fileID: 5373040357535370467}
  m_Layer: 0
  m_Name: mixamorig1:RightToe_End
  m_TagString: Untagged
  m_Icon: {fileID: 0}
  m_NavMeshLayer: 0
  m_StaticEditorFlags: 0
  m_IsActive: 1
--- !u!4 &5373040357535370467
Transform:
  m_ObjectHideFlags: 0
  m_CorrespondingSourceObject: {fileID: 0}
  m_PrefabInstance: {fileID: 0}
  m_PrefabAsset: {fileID: 0}
  m_GameObject: {fileID: 5373040357535370466}
  m_LocalRotation: {x: 0, y: -0, z: -0, w: 1}
  m_LocalPosition: {x: -2.7410428e-11, y: 0.10106798, z: -8.690826e-14}
  m_LocalScale: {x: 1, y: 1, z: 1}
  m_Children: []
  m_Father: {fileID: 5373040357339246000}
  m_RootOrder: 0
  m_LocalEulerAnglesHint: {x: 0, y: 0, z: 0}
--- !u!1 &5373040357545592847
GameObject:
  m_ObjectHideFlags: 0
  m_CorrespondingSourceObject: {fileID: 0}
  m_PrefabInstance: {fileID: 0}
  m_PrefabAsset: {fileID: 0}
  serializedVersion: 6
  m_Component:
  - component: {fileID: 5373040357545592844}
  m_Layer: 0
  m_Name: mixamorig1:LeftHandIndex2
  m_TagString: Untagged
  m_Icon: {fileID: 0}
  m_NavMeshLayer: 0
  m_StaticEditorFlags: 0
  m_IsActive: 1
--- !u!4 &5373040357545592844
Transform:
  m_ObjectHideFlags: 0
  m_CorrespondingSourceObject: {fileID: 0}
  m_PrefabInstance: {fileID: 0}
  m_PrefabAsset: {fileID: 0}
  m_GameObject: {fileID: 5373040357545592847}
  m_LocalRotation: {x: 0.11153679, y: 0.021124829, z: 0.019251566, w: 0.99334925}
  m_LocalPosition: {x: 0.000019757, y: 0.047738407, z: 1.12917745e-10}
  m_LocalScale: {x: 1, y: 1, z: 1}
  m_Children:
  - {fileID: 5373040357351896633}
  m_Father: {fileID: 5373040357703918794}
  m_RootOrder: 0
  m_LocalEulerAnglesHint: {x: 14.795289, y: 0.20858504, z: 1.5901494}
--- !u!1 &5373040357588682059
GameObject:
  m_ObjectHideFlags: 0
  m_CorrespondingSourceObject: {fileID: 0}
  m_PrefabInstance: {fileID: 0}
  m_PrefabAsset: {fileID: 0}
  serializedVersion: 6
  m_Component:
  - component: {fileID: 5373040357588682057}
  - component: {fileID: 5373040357588682056}
  - component: {fileID: 5373040357588682063}
  - component: {fileID: 5373040357588682062}
  - component: {fileID: 5373040357588682060}
  m_Layer: 0
  m_Name: Player
  m_TagString: Untagged
  m_Icon: {fileID: 0}
  m_NavMeshLayer: 0
  m_StaticEditorFlags: 0
  m_IsActive: 1
--- !u!4 &5373040357588682057
Transform:
  m_ObjectHideFlags: 0
  m_CorrespondingSourceObject: {fileID: 0}
  m_PrefabInstance: {fileID: 0}
  m_PrefabAsset: {fileID: 0}
  m_GameObject: {fileID: 5373040357588682059}
  m_LocalRotation: {x: 0, y: 0, z: 0, w: 1}
  m_LocalPosition: {x: 0, y: 0, z: -9.75}
  m_LocalScale: {x: 1, y: 1, z: 1}
  m_Children:
  - {fileID: 5373040356626339292}
  m_Father: {fileID: 0}
  m_RootOrder: 0
  m_LocalEulerAnglesHint: {x: 0, y: 0, z: 0}
--- !u!114 &5373040357588682056
MonoBehaviour:
  m_ObjectHideFlags: 0
  m_CorrespondingSourceObject: {fileID: 0}
  m_PrefabInstance: {fileID: 0}
  m_PrefabAsset: {fileID: 0}
  m_GameObject: {fileID: 5373040357588682059}
  m_Enabled: 1
  m_EditorHideFlags: 0
  m_Script: {fileID: 11500000, guid: bd521a0db7cf8d84296c695a04b27481, type: 3}
  m_Name: 
  m_EditorClassIdentifier: 
  leftToeBase: {fileID: 5373040358005414491}
  rightToeBase: {fileID: 5373040357535370467}
  heelPrefab: {fileID: 5166755609148977751, guid: 2fa59a1598f644541ab686bad4afd79c, type: 3}
  playerModel: {fileID: 5373040356626339295}
  heelList: []
  movementEnabled: 0
  mainCam: {fileID: 0}
  heelCount: 0
  speed: 10
  animator: {fileID: 5373040356626339293}
  gameManager: {fileID: 0}
--- !u!54 &5373040357588682063
Rigidbody:
  m_ObjectHideFlags: 0
  m_CorrespondingSourceObject: {fileID: 0}
  m_PrefabInstance: {fileID: 0}
  m_PrefabAsset: {fileID: 0}
  m_GameObject: {fileID: 5373040357588682059}
  serializedVersion: 2
  m_Mass: 1
  m_Drag: 0
  m_AngularDrag: 0.05
  m_UseGravity: 1
  m_IsKinematic: 1
  m_Interpolate: 0
  m_Constraints: 0
  m_CollisionDetection: 0
--- !u!136 &5373040357588682062
CapsuleCollider:
  m_ObjectHideFlags: 0
  m_CorrespondingSourceObject: {fileID: 0}
  m_PrefabInstance: {fileID: 0}
  m_PrefabAsset: {fileID: 0}
  m_GameObject: {fileID: 5373040357588682059}
  m_Material: {fileID: 0}
  m_IsTrigger: 1
  m_Enabled: 1
  m_Radius: 0.21
  m_Height: 50
  m_Direction: 1
  m_Center: {x: 0, y: -0.36386156, z: 0.58}
--- !u!114 &5373040357588682060
MonoBehaviour:
  m_ObjectHideFlags: 0
  m_CorrespondingSourceObject: {fileID: 0}
  m_PrefabInstance: {fileID: 0}
  m_PrefabAsset: {fileID: 0}
  m_GameObject: {fileID: 5373040357588682059}
  m_Enabled: 1
  m_EditorHideFlags: 0
  m_Script: {fileID: 11500000, guid: 9ac4a0c0d35069d4b8a50ffa96353070, type: 3}
  m_Name: 
  m_EditorClassIdentifier: 
  inputEnabled: 1
  PlayerController: {fileID: 5373040357588682056}
--- !u!1 &5373040357601926205
GameObject:
  m_ObjectHideFlags: 0
  m_CorrespondingSourceObject: {fileID: 0}
  m_PrefabInstance: {fileID: 0}
  m_PrefabAsset: {fileID: 0}
  serializedVersion: 6
  m_Component:
  - component: {fileID: 5373040357601926194}
  m_Layer: 0
  m_Name: mixamorig1:LeftHandMiddle1
  m_TagString: Untagged
  m_Icon: {fileID: 0}
  m_NavMeshLayer: 0
  m_StaticEditorFlags: 0
  m_IsActive: 1
--- !u!4 &5373040357601926194
Transform:
  m_ObjectHideFlags: 0
  m_CorrespondingSourceObject: {fileID: 0}
  m_PrefabInstance: {fileID: 0}
  m_PrefabAsset: {fileID: 0}
  m_GameObject: {fileID: 5373040357601926205}
  m_LocalRotation: {x: 0.06162516, y: 0.014391741, z: -0.000031135867, w: 0.9979957}
  m_LocalPosition: {x: 0.013984953, y: 0.12745832, z: -0.0027554007}
  m_LocalScale: {x: 1, y: 1, z: 1}
  m_Children:
  - {fileID: 5373040357294934551}
  m_Father: {fileID: 5373040358260297623}
  m_RootOrder: 1
  m_LocalEulerAnglesHint: {x: 8.462499, y: -0.53013676, z: -6.765249}
--- !u!1 &5373040357615448848
GameObject:
  m_ObjectHideFlags: 0
  m_CorrespondingSourceObject: {fileID: 0}
  m_PrefabInstance: {fileID: 0}
  m_PrefabAsset: {fileID: 0}
  serializedVersion: 6
  m_Component:
  - component: {fileID: 5373040357615448849}
  m_Layer: 0
  m_Name: mixamorig1:RightHandPinky4
  m_TagString: Untagged
  m_Icon: {fileID: 0}
  m_NavMeshLayer: 0
  m_StaticEditorFlags: 0
  m_IsActive: 1
--- !u!4 &5373040357615448849
Transform:
  m_ObjectHideFlags: 0
  m_CorrespondingSourceObject: {fileID: 0}
  m_PrefabInstance: {fileID: 0}
  m_PrefabAsset: {fileID: 0}
  m_GameObject: {fileID: 5373040357615448848}
  m_LocalRotation: {x: 0, y: -0, z: -0, w: 1}
  m_LocalPosition: {x: -0.000009608868, y: 0.031637613, z: -4.9758454e-11}
  m_LocalScale: {x: 1, y: 1, z: 1}
  m_Children: []
  m_Father: {fileID: 5373040356850898026}
  m_RootOrder: 0
  m_LocalEulerAnglesHint: {x: 0, y: 0, z: 0}
--- !u!1 &5373040357646686849
GameObject:
  m_ObjectHideFlags: 0
  m_CorrespondingSourceObject: {fileID: 0}
  m_PrefabInstance: {fileID: 0}
  m_PrefabAsset: {fileID: 0}
  serializedVersion: 6
  m_Component:
  - component: {fileID: 5373040357646686854}
  m_Layer: 0
  m_Name: mixamorig1:RightHandRing2
  m_TagString: Untagged
  m_Icon: {fileID: 0}
  m_NavMeshLayer: 0
  m_StaticEditorFlags: 0
  m_IsActive: 1
--- !u!4 &5373040357646686854
Transform:
  m_ObjectHideFlags: 0
  m_CorrespondingSourceObject: {fileID: 0}
  m_PrefabInstance: {fileID: 0}
  m_PrefabAsset: {fileID: 0}
  m_GameObject: {fileID: 5373040357646686849}
  m_LocalRotation: {x: 0.32180688, y: 0.022219388, z: -0.041325018, w: 0.94564205}
  m_LocalPosition: {x: -0.00009488635, y: 0.04693601, z: -2.7398783e-10}
  m_LocalScale: {x: 1, y: 1, z: 1}
  m_Children:
  - {fileID: 5373040356273310095}
  m_Father: {fileID: 5373040357711067675}
  m_RootOrder: 0
  m_LocalEulerAnglesHint: {x: 21.711119, y: -0.27708673, z: -1.5769092}
--- !u!1 &5373040357692044605
GameObject:
  m_ObjectHideFlags: 0
  m_CorrespondingSourceObject: {fileID: 0}
  m_PrefabInstance: {fileID: 0}
  m_PrefabAsset: {fileID: 0}
  serializedVersion: 6
  m_Component:
  - component: {fileID: 5373040357692044594}
  m_Layer: 0
  m_Name: mixamorig1:LeftToeBase
  m_TagString: Untagged
  m_Icon: {fileID: 0}
  m_NavMeshLayer: 0
  m_StaticEditorFlags: 0
  m_IsActive: 1
--- !u!4 &5373040357692044594
Transform:
  m_ObjectHideFlags: 0
  m_CorrespondingSourceObject: {fileID: 0}
  m_PrefabInstance: {fileID: 0}
  m_PrefabAsset: {fileID: 0}
  m_GameObject: {fileID: 5373040357692044605}
  m_LocalRotation: {x: 0.49422166, y: 0.05961525, z: -0.014488654, w: 0.8671685}
  m_LocalPosition: {x: -1.3439386e-10, y: 0.279456, z: -0.0000000016160607}
  m_LocalScale: {x: 1, y: 1, z: 1}
  m_Children:
  - {fileID: 5373040358005414491}
  m_Father: {fileID: 5373040357177483854}
  m_RootOrder: 0
  m_LocalEulerAnglesHint: {x: 40.039364, y: 6.4241033, z: 0.7638927}
--- !u!1 &5373040357693593605
GameObject:
  m_ObjectHideFlags: 0
  m_CorrespondingSourceObject: {fileID: 0}
  m_PrefabInstance: {fileID: 0}
  m_PrefabAsset: {fileID: 0}
  serializedVersion: 6
  m_Component:
  - component: {fileID: 5373040357693593626}
  m_Layer: 0
  m_Name: mixamorig1:LeftHandThumb2
  m_TagString: Untagged
  m_Icon: {fileID: 0}
  m_NavMeshLayer: 0
  m_StaticEditorFlags: 0
  m_IsActive: 1
--- !u!4 &5373040357693593626
Transform:
  m_ObjectHideFlags: 0
  m_CorrespondingSourceObject: {fileID: 0}
  m_PrefabInstance: {fileID: 0}
  m_PrefabAsset: {fileID: 0}
  m_GameObject: {fileID: 5373040357693593605}
  m_LocalRotation: {x: 0.035377443, y: 0.17545098, z: 0.10613129, w: 0.97811127}
  m_LocalPosition: {x: 0.00477283, y: 0.04550743, z: 4.898038e-10}
  m_LocalScale: {x: 1, y: 1, z: 1}
  m_Children:
  - {fileID: 5373040357466016118}
  m_Father: {fileID: 5373040356484540485}
  m_RootOrder: 0
  m_LocalEulerAnglesHint: {x: 7.69158, y: 11.410921, z: 13.812033}
--- !u!1 &5373040357703918773
GameObject:
  m_ObjectHideFlags: 0
  m_CorrespondingSourceObject: {fileID: 0}
  m_PrefabInstance: {fileID: 0}
  m_PrefabAsset: {fileID: 0}
  serializedVersion: 6
  m_Component:
  - component: {fileID: 5373040357703918794}
  m_Layer: 0
  m_Name: mixamorig1:LeftHandIndex1
  m_TagString: Untagged
  m_Icon: {fileID: 0}
  m_NavMeshLayer: 0
  m_StaticEditorFlags: 0
  m_IsActive: 1
--- !u!4 &5373040357703918794
Transform:
  m_ObjectHideFlags: 0
  m_CorrespondingSourceObject: {fileID: 0}
  m_PrefabInstance: {fileID: 0}
  m_PrefabAsset: {fileID: 0}
  m_GameObject: {fileID: 5373040357703918773}
  m_LocalRotation: {x: 0.021454306, y: -0.023184022, z: -0.087449655, w: 0.995668}
  m_LocalPosition: {x: 0.042160835, y: 0.1268926, z: 0.0019244632}
  m_LocalScale: {x: 1, y: 1, z: 1}
  m_Children:
  - {fileID: 5373040357545592844}
  m_Father: {fileID: 5373040358260297623}
  m_RootOrder: 0
  m_LocalEulerAnglesHint: {x: -3.9881063, y: -1.2880906, z: -16.597872}
--- !u!1 &5373040357711067674
GameObject:
  m_ObjectHideFlags: 0
  m_CorrespondingSourceObject: {fileID: 0}
  m_PrefabInstance: {fileID: 0}
  m_PrefabAsset: {fileID: 0}
  serializedVersion: 6
  m_Component:
  - component: {fileID: 5373040357711067675}
  m_Layer: 0
  m_Name: mixamorig1:RightHandRing1
  m_TagString: Untagged
  m_Icon: {fileID: 0}
  m_NavMeshLayer: 0
  m_StaticEditorFlags: 0
  m_IsActive: 1
--- !u!4 &5373040357711067675
Transform:
  m_ObjectHideFlags: 0
  m_CorrespondingSourceObject: {fileID: 0}
  m_PrefabInstance: {fileID: 0}
  m_PrefabAsset: {fileID: 0}
  m_GameObject: {fileID: 5373040357711067674}
  m_LocalRotation: {x: 0.14615463, y: -0.045132693, z: -0.022746975, w: 0.9879699}
  m_LocalPosition: {x: 0.0156234, y: 0.12876698, z: 0.00052386406}
  m_LocalScale: {x: 1, y: 1, z: 1}
  m_Children:
  - {fileID: 5373040357646686854}
  m_Father: {fileID: 5373040356890128582}
  m_RootOrder: 3
  m_LocalEulerAnglesHint: {x: 23.684317, y: 1.756477, z: -4.16958}
--- !u!1 &5373040357774073723
GameObject:
  m_ObjectHideFlags: 0
  m_CorrespondingSourceObject: {fileID: 0}
  m_PrefabInstance: {fileID: 0}
  m_PrefabAsset: {fileID: 0}
  serializedVersion: 6
  m_Component:
  - component: {fileID: 5373040357774073720}
  m_Layer: 0
  m_Name: mixamorig1:RightHandRing4
  m_TagString: Untagged
  m_Icon: {fileID: 0}
  m_NavMeshLayer: 0
  m_StaticEditorFlags: 0
  m_IsActive: 1
--- !u!4 &5373040357774073720
Transform:
  m_ObjectHideFlags: 0
  m_CorrespondingSourceObject: {fileID: 0}
  m_PrefabInstance: {fileID: 0}
  m_PrefabAsset: {fileID: 0}
  m_GameObject: {fileID: 5373040357774073723}
  m_LocalRotation: {x: 0, y: -0, z: -0, w: 1}
  m_LocalPosition: {x: 0.00011953268, y: 0.04055827, z: -3.004908e-10}
  m_LocalScale: {x: 1, y: 1, z: 1}
  m_Children: []
  m_Father: {fileID: 5373040356273310095}
  m_RootOrder: 0
  m_LocalEulerAnglesHint: {x: 0, y: 0, z: 0}
--- !u!1 &5373040357846309347
GameObject:
  m_ObjectHideFlags: 0
  m_CorrespondingSourceObject: {fileID: 0}
  m_PrefabInstance: {fileID: 0}
  m_PrefabAsset: {fileID: 0}
  serializedVersion: 6
  m_Component:
  - component: {fileID: 5373040357846309344}
  m_Layer: 0
  m_Name: mixamorig1:Spine2
  m_TagString: Untagged
  m_Icon: {fileID: 0}
  m_NavMeshLayer: 0
  m_StaticEditorFlags: 0
  m_IsActive: 1
--- !u!4 &5373040357846309344
Transform:
  m_ObjectHideFlags: 0
  m_CorrespondingSourceObject: {fileID: 0}
  m_PrefabInstance: {fileID: 0}
  m_PrefabAsset: {fileID: 0}
  m_GameObject: {fileID: 5373040357846309347}
  m_LocalRotation: {x: -0.023343276, y: 0.009241515, z: -0.0076459134, w: 0.99965554}
  m_LocalPosition: {x: -0, y: 0.17628194, z: 8.976602e-11}
  m_LocalScale: {x: 1, y: 1, z: 1}
  m_Children:
  - {fileID: 5373040358123602529}
  - {fileID: 5373040356742046643}
  - {fileID: 5373040356179860766}
  m_Father: {fileID: 5373040357227697084}
  m_RootOrder: 0
  m_LocalEulerAnglesHint: {x: 13.32011, y: -1.8132937, z: 1.1641961}
--- !u!1 &5373040357880291176
GameObject:
  m_ObjectHideFlags: 0
  m_CorrespondingSourceObject: {fileID: 0}
  m_PrefabInstance: {fileID: 0}
  m_PrefabAsset: {fileID: 0}
  serializedVersion: 6
  m_Component:
  - component: {fileID: 5373040357880291177}
  m_Layer: 0
  m_Name: mixamorig1:RightHandMiddle4
  m_TagString: Untagged
  m_Icon: {fileID: 0}
  m_NavMeshLayer: 0
  m_StaticEditorFlags: 0
  m_IsActive: 1
--- !u!4 &5373040357880291177
Transform:
  m_ObjectHideFlags: 0
  m_CorrespondingSourceObject: {fileID: 0}
  m_PrefabInstance: {fileID: 0}
  m_PrefabAsset: {fileID: 0}
  m_GameObject: {fileID: 5373040357880291176}
  m_LocalRotation: {x: 0, y: -0, z: -0, w: 1}
  m_LocalPosition: {x: 0.00013255664, y: 0.048376378, z: 3.6447317e-10}
  m_LocalScale: {x: 1, y: 1, z: 1}
  m_Children: []
  m_Father: {fileID: 5373040357313409665}
  m_RootOrder: 0
  m_LocalEulerAnglesHint: {x: 0, y: 0, z: 0}
--- !u!1 &5373040357955101926
GameObject:
  m_ObjectHideFlags: 0
  m_CorrespondingSourceObject: {fileID: 0}
  m_PrefabInstance: {fileID: 0}
  m_PrefabAsset: {fileID: 0}
  serializedVersion: 6
  m_Component:
  - component: {fileID: 5373040357955101927}
  m_Layer: 0
  m_Name: mixamorig1:LeftHandIndex4
  m_TagString: Untagged
  m_Icon: {fileID: 0}
  m_NavMeshLayer: 0
  m_StaticEditorFlags: 0
  m_IsActive: 1
--- !u!4 &5373040357955101927
Transform:
  m_ObjectHideFlags: 0
  m_CorrespondingSourceObject: {fileID: 0}
  m_PrefabInstance: {fileID: 0}
  m_PrefabAsset: {fileID: 0}
  m_GameObject: {fileID: 5373040357955101926}
  m_LocalRotation: {x: 0, y: -0, z: -0, w: 1}
  m_LocalPosition: {x: 0.000013300316, y: 0.039761428, z: 3.0919125e-11}
  m_LocalScale: {x: 1, y: 1, z: 1}
  m_Children: []
  m_Father: {fileID: 5373040357351896633}
  m_RootOrder: 0
  m_LocalEulerAnglesHint: {x: 0, y: 0, z: 0}
--- !u!1 &5373040357958760063
GameObject:
  m_ObjectHideFlags: 0
  m_CorrespondingSourceObject: {fileID: 0}
  m_PrefabInstance: {fileID: 0}
  m_PrefabAsset: {fileID: 0}
  serializedVersion: 6
  m_Component:
  - component: {fileID: 5373040357958760060}
  m_Layer: 0
  m_Name: mixamorig1:LeftHandPinky1
  m_TagString: Untagged
  m_Icon: {fileID: 0}
  m_NavMeshLayer: 0
  m_StaticEditorFlags: 0
  m_IsActive: 1
--- !u!4 &5373040357958760060
Transform:
  m_ObjectHideFlags: 0
  m_CorrespondingSourceObject: {fileID: 0}
  m_PrefabInstance: {fileID: 0}
  m_PrefabAsset: {fileID: 0}
  m_GameObject: {fileID: 5373040357958760063}
  m_LocalRotation: {x: 0.13784881, y: 0.06313636, z: 0.03986596, w: 0.9876347}
  m_LocalPosition: {x: -0.040085807, y: 0.118596576, z: 0.00049951137}
  m_LocalScale: {x: 1, y: 1, z: 1}
  m_Children:
  - {fileID: 5373040356835279741}
  m_Father: {fileID: 5373040358260297623}
  m_RootOrder: 2
  m_LocalEulerAnglesHint: {x: 15.012961, y: 4.9507794, z: 19.612526}
--- !u!1 &5373040358005414490
GameObject:
  m_ObjectHideFlags: 0
  m_CorrespondingSourceObject: {fileID: 0}
  m_PrefabInstance: {fileID: 0}
  m_PrefabAsset: {fileID: 0}
  serializedVersion: 6
  m_Component:
  - component: {fileID: 5373040358005414491}
  m_Layer: 0
  m_Name: mixamorig1:LeftToe_End
  m_TagString: Untagged
  m_Icon: {fileID: 0}
  m_NavMeshLayer: 0
  m_StaticEditorFlags: 0
  m_IsActive: 1
--- !u!4 &5373040358005414491
Transform:
  m_ObjectHideFlags: 0
  m_CorrespondingSourceObject: {fileID: 0}
  m_PrefabInstance: {fileID: 0}
  m_PrefabAsset: {fileID: 0}
  m_GameObject: {fileID: 5373040358005414490}
  m_LocalRotation: {x: 0, y: -0, z: -0, w: 1}
  m_LocalPosition: {x: 1.5147368e-10, y: 0.1047364, z: 8.331646e-12}
  m_LocalScale: {x: 1, y: 1, z: 1}
  m_Children:
  - {fileID: 19578000493541876}
  m_Father: {fileID: 5373040357692044594}
  m_RootOrder: 0
  m_LocalEulerAnglesHint: {x: 0, y: 0, z: 0}
--- !u!1 &5373040358084395554
GameObject:
  m_ObjectHideFlags: 0
  m_CorrespondingSourceObject: {fileID: 0}
  m_PrefabInstance: {fileID: 0}
  m_PrefabAsset: {fileID: 0}
  serializedVersion: 6
  m_Component:
  - component: {fileID: 5373040358084395555}
  m_Layer: 0
  m_Name: mixamorig1:RightHandThumb1
  m_TagString: Untagged
  m_Icon: {fileID: 0}
  m_NavMeshLayer: 0
  m_StaticEditorFlags: 0
  m_IsActive: 1
--- !u!4 &5373040358084395555
Transform:
  m_ObjectHideFlags: 0
  m_CorrespondingSourceObject: {fileID: 0}
  m_PrefabInstance: {fileID: 0}
  m_PrefabAsset: {fileID: 0}
  m_GameObject: {fileID: 5373040358084395554}
  m_LocalRotation: {x: 0.026872482, y: 0.19917414, z: 0.24538445, w: 0.9483639}
  m_LocalPosition: {x: -0.03343621, y: 0.04112586, z: 0.018574864}
  m_LocalScale: {x: 1, y: 1, z: 1}
  m_Children:
  - {fileID: 5373040357200674894}
  m_Father: {fileID: 5373040356890128582}
  m_RootOrder: 4
  m_LocalEulerAnglesHint: {x: 36.60553, y: 3.0307293, z: 34.82208}
--- !u!1 &5373040358113627561
GameObject:
  m_ObjectHideFlags: 0
  m_CorrespondingSourceObject: {fileID: 0}
  m_PrefabInstance: {fileID: 0}
  m_PrefabAsset: {fileID: 0}
  serializedVersion: 6
  m_Component:
  - component: {fileID: 5373040358113627566}
  m_Layer: 0
  m_Name: mixamorig1:RightHandIndex3
  m_TagString: Untagged
  m_Icon: {fileID: 0}
  m_NavMeshLayer: 0
  m_StaticEditorFlags: 0
  m_IsActive: 1
--- !u!4 &5373040358113627566
Transform:
  m_ObjectHideFlags: 0
  m_CorrespondingSourceObject: {fileID: 0}
  m_PrefabInstance: {fileID: 0}
  m_PrefabAsset: {fileID: 0}
  m_GameObject: {fileID: 5373040358113627561}
  m_LocalRotation: {x: 0.13593341, y: -0.02218919, z: -0.040765464, w: 0.9896302}
  m_LocalPosition: {x: 0.00007680153, y: 0.043051463, z: 8.525404e-11}
  m_LocalScale: {x: 1, y: 1, z: 1}
  m_Children:
  - {fileID: 5373040357025712914}
  m_Father: {fileID: 5373040356617365523}
  m_RootOrder: 0
  m_LocalEulerAnglesHint: {x: 5.065999, y: -0.02766988, z: -0.57943463}
--- !u!1 &5373040358123602528
GameObject:
  m_ObjectHideFlags: 0
  m_CorrespondingSourceObject: {fileID: 0}
  m_PrefabInstance: {fileID: 0}
  m_PrefabAsset: {fileID: 0}
  serializedVersion: 6
  m_Component:
  - component: {fileID: 5373040358123602529}
  m_Layer: 0
  m_Name: mixamorig1:LeftShoulder
  m_TagString: Untagged
  m_Icon: {fileID: 0}
  m_NavMeshLayer: 0
  m_StaticEditorFlags: 0
  m_IsActive: 1
--- !u!4 &5373040358123602529
Transform:
  m_ObjectHideFlags: 0
  m_CorrespondingSourceObject: {fileID: 0}
  m_PrefabInstance: {fileID: 0}
  m_PrefabAsset: {fileID: 0}
  m_GameObject: {fileID: 5373040358123602528}
  m_LocalRotation: {x: 0.5918486, y: -0.4002681, z: 0.5789835, w: 0.39278343}
  m_LocalPosition: {x: -0.07185518, y: 0.17028451, z: -0.00082190864}
  m_LocalScale: {x: 1, y: 1, z: 1}
  m_Children:
  - {fileID: 5373040357206082719}
  m_Father: {fileID: 5373040357846309344}
  m_RootOrder: 0
  m_LocalEulerAnglesHint: {x: 46.29508, y: 97.325615, z: -179.40923}
--- !u!1 &5373040358255084675
GameObject:
  m_ObjectHideFlags: 0
  m_CorrespondingSourceObject: {fileID: 0}
  m_PrefabInstance: {fileID: 0}
  m_PrefabAsset: {fileID: 0}
  serializedVersion: 6
  m_Component:
  - component: {fileID: 5373040358255084672}
  - component: {fileID: 5373040358255084679}
  - component: {fileID: 5373040358255084678}
  - component: {fileID: 5373040358255084673}
  m_Layer: 0
  m_Name: mixamorig1:RightForeArm
  m_TagString: Untagged
  m_Icon: {fileID: 0}
  m_NavMeshLayer: 0
  m_StaticEditorFlags: 0
  m_IsActive: 1
--- !u!4 &5373040358255084672
Transform:
  m_ObjectHideFlags: 0
  m_CorrespondingSourceObject: {fileID: 0}
  m_PrefabInstance: {fileID: 0}
  m_PrefabAsset: {fileID: 0}
  m_GameObject: {fileID: 5373040358255084675}
  m_LocalRotation: {x: -0.0215992, y: 0.10849068, z: 0.10031592, w: 0.9887872}
  m_LocalPosition: {x: 3.1874064e-10, y: 0.44475636, z: 0.00000000113385}
  m_LocalScale: {x: 1, y: 1, z: 1}
  m_Children:
  - {fileID: 5373040356890128582}
  m_Father: {fileID: 5373040357142717299}
  m_RootOrder: 0
  m_LocalEulerAnglesHint: {x: 0.8679344, y: 0.550245, z: 67.01326}
--- !u!136 &5373040358255084679
CapsuleCollider:
  m_ObjectHideFlags: 0
  m_CorrespondingSourceObject: {fileID: 0}
  m_PrefabInstance: {fileID: 0}
  m_PrefabAsset: {fileID: 0}
  m_GameObject: {fileID: 5373040358255084675}
  m_Material: {fileID: 0}
  m_IsTrigger: 0
  m_Enabled: 1
  m_Radius: 0.14742187
  m_Height: 0.7371093
  m_Direction: 1
  m_Center: {x: 0, y: 0.36855465, z: 0}
--- !u!54 &5373040358255084678
Rigidbody:
  m_ObjectHideFlags: 0
  m_CorrespondingSourceObject: {fileID: 0}
  m_PrefabInstance: {fileID: 0}
  m_PrefabAsset: {fileID: 0}
  m_GameObject: {fileID: 5373040358255084675}
  serializedVersion: 2
  m_Mass: 4.375
  m_Drag: 0
  m_AngularDrag: 0.05
  m_UseGravity: 1
  m_IsKinematic: 1
  m_Interpolate: 0
  m_Constraints: 0
  m_CollisionDetection: 0
--- !u!144 &5373040358255084673
CharacterJoint:
  m_ObjectHideFlags: 0
  m_CorrespondingSourceObject: {fileID: 0}
  m_PrefabInstance: {fileID: 0}
  m_PrefabAsset: {fileID: 0}
  m_GameObject: {fileID: 5373040358255084675}
  m_ConnectedBody: {fileID: 5373040357142717296}
  m_ConnectedArticulationBody: {fileID: 0}
  m_Anchor: {x: 0, y: 0, z: 0}
  m_Axis: {x: -1, y: 0, z: 0}
  m_AutoConfigureConnectedAnchor: 1
  m_ConnectedAnchor: {x: -0.00000020675361, y: 0.4447562, z: -0.00000008940697}
  serializedVersion: 2
  m_SwingAxis: {x: 0, y: 0, z: -1}
  m_TwistLimitSpring:
    spring: 0
    damper: 0
  m_LowTwistLimit:
    limit: -90
    bounciness: 0
    contactDistance: 0
  m_HighTwistLimit:
    limit: 0
    bounciness: 0
    contactDistance: 0
  m_SwingLimitSpring:
    spring: 0
    damper: 0
  m_Swing1Limit:
    limit: 0
    bounciness: 0
    contactDistance: 0
  m_Swing2Limit:
    limit: 0
    bounciness: 0
    contactDistance: 0
  m_EnableProjection: 0
  m_ProjectionDistance: 0.1
  m_ProjectionAngle: 180
  m_BreakForce: Infinity
  m_BreakTorque: Infinity
  m_EnableCollision: 0
  m_EnablePreprocessing: 0
  m_MassScale: 1
  m_ConnectedMassScale: 1
--- !u!1 &5373040358260297622
GameObject:
  m_ObjectHideFlags: 0
  m_CorrespondingSourceObject: {fileID: 0}
  m_PrefabInstance: {fileID: 0}
  m_PrefabAsset: {fileID: 0}
  serializedVersion: 6
  m_Component:
  - component: {fileID: 5373040358260297623}
  m_Layer: 0
  m_Name: mixamorig1:LeftHand
  m_TagString: Untagged
  m_Icon: {fileID: 0}
  m_NavMeshLayer: 0
  m_StaticEditorFlags: 0
  m_IsActive: 1
--- !u!4 &5373040358260297623
Transform:
  m_ObjectHideFlags: 0
  m_CorrespondingSourceObject: {fileID: 0}
  m_PrefabInstance: {fileID: 0}
  m_PrefabAsset: {fileID: 0}
  m_GameObject: {fileID: 5373040358260297622}
  m_LocalRotation: {x: -0.015987895, y: 0.045750704, z: 0.03702858, w: 0.99813837}
  m_LocalPosition: {x: -2.3783411e-11, y: 0.45771578, z: -2.0160087e-11}
  m_LocalScale: {x: 1, y: 1, z: 1}
  m_Children:
  - {fileID: 5373040357703918794}
  - {fileID: 5373040357601926194}
  - {fileID: 5373040357958760060}
  - {fileID: 5373040357419590830}
  - {fileID: 5373040356484540485}
  m_Father: {fileID: 5373040357019676190}
  m_RootOrder: 0
  m_LocalEulerAnglesHint: {x: 23.533909, y: 18.763086, z: -10.236614}
--- !u!1 &5373040358275993168
GameObject:
  m_ObjectHideFlags: 0
  m_CorrespondingSourceObject: {fileID: 0}
  m_PrefabInstance: {fileID: 0}
  m_PrefabAsset: {fileID: 0}
  serializedVersion: 6
  m_Component:
  - component: {fileID: 5373040358275993169}
  - component: {fileID: 5373040358275993175}
  - component: {fileID: 5373040358275993174}
  m_Layer: 0
  m_Name: mixamorig1:Hips
  m_TagString: Untagged
  m_Icon: {fileID: 0}
  m_NavMeshLayer: 0
  m_StaticEditorFlags: 0
  m_IsActive: 1
--- !u!4 &5373040358275993169
Transform:
  m_ObjectHideFlags: 0
  m_CorrespondingSourceObject: {fileID: 0}
  m_PrefabInstance: {fileID: 0}
  m_PrefabAsset: {fileID: 0}
  m_GameObject: {fileID: 5373040358275993168}
  m_LocalRotation: {x: -0.004917021, y: 0.0007430488, z: -0.02213763, w: 0.9997426}
  m_LocalPosition: {x: -0.011991371, y: 0.98357964, z: -0.046470374}
  m_LocalScale: {x: 1, y: 1, z: 1}
  m_Children:
  - {fileID: 5373040356760901816}
  - {fileID: 5373040356194974445}
  - {fileID: 5373040357311081605}
  m_Father: {fileID: 5373040356626339292}
  m_RootOrder: 1
  m_LocalEulerAnglesHint: {x: 38.45535, y: -24.993883, z: 2.1093059}
--- !u!65 &5373040358275993175
BoxCollider:
  m_ObjectHideFlags: 0
  m_CorrespondingSourceObject: {fileID: 0}
  m_PrefabInstance: {fileID: 0}
  m_PrefabAsset: {fileID: 0}
  m_GameObject: {fileID: 5373040358275993168}
  m_Material: {fileID: 0}
  m_IsTrigger: 0
  m_Enabled: 1
  serializedVersion: 2
  m_Size: {x: 0.4352901, y: 0.36298782, z: 0.4044789}
  m_Center: {x: -0.00015568733, y: -0.049308553, z: -0.0069685876}
--- !u!54 &5373040358275993174
Rigidbody:
  m_ObjectHideFlags: 0
  m_CorrespondingSourceObject: {fileID: 0}
  m_PrefabInstance: {fileID: 0}
  m_PrefabAsset: {fileID: 0}
  m_GameObject: {fileID: 5373040358275993168}
  serializedVersion: 2
  m_Mass: 10.9375
  m_Drag: 0
  m_AngularDrag: 0.05
  m_UseGravity: 1
  m_IsKinematic: 1
  m_Interpolate: 0
  m_Constraints: 0
  m_CollisionDetection: 0
--- !u!1 &5373040358283775188
GameObject:
  m_ObjectHideFlags: 0
  m_CorrespondingSourceObject: {fileID: 0}
  m_PrefabInstance: {fileID: 0}
  m_PrefabAsset: {fileID: 0}
  serializedVersion: 6
  m_Component:
  - component: {fileID: 5373040358283775189}
  m_Layer: 0
  m_Name: mixamorig1:RightHandThumb3
  m_TagString: Untagged
  m_Icon: {fileID: 0}
  m_NavMeshLayer: 0
  m_StaticEditorFlags: 0
  m_IsActive: 1
--- !u!4 &5373040358283775189
Transform:
  m_ObjectHideFlags: 0
  m_CorrespondingSourceObject: {fileID: 0}
  m_PrefabInstance: {fileID: 0}
  m_PrefabAsset: {fileID: 0}
  m_GameObject: {fileID: 5373040358283775188}
  m_LocalRotation: {x: -0.011682502, y: -0.06904801, z: 0.0594382, w: 0.99577254}
  m_LocalPosition: {x: -0.0001158796, y: 0.049496412, z: -8.483681e-10}
  m_LocalScale: {x: 1, y: 1, z: 1}
  m_Children:
  - {fileID: 5373040356778955106}
  m_Father: {fileID: 5373040357200674894}
  m_RootOrder: 0
  m_LocalEulerAnglesHint: {x: -15.418881, y: 0.8200398, z: -21.417883}
--- !u!1 &5373040358290982132
GameObject:
  m_ObjectHideFlags: 0
  m_CorrespondingSourceObject: {fileID: 0}
  m_PrefabInstance: {fileID: 0}
  m_PrefabAsset: {fileID: 0}
  serializedVersion: 6
  m_Component:
  - component: {fileID: 5373040358290982133}
  m_Layer: 0
  m_Name: mixamorig1:RightHandMiddle2
  m_TagString: Untagged
  m_Icon: {fileID: 0}
  m_NavMeshLayer: 0
  m_StaticEditorFlags: 0
  m_IsActive: 1
--- !u!4 &5373040358290982133
Transform:
  m_ObjectHideFlags: 0
  m_CorrespondingSourceObject: {fileID: 0}
  m_PrefabInstance: {fileID: 0}
  m_PrefabAsset: {fileID: 0}
  m_GameObject: {fileID: 5373040358290982132}
  m_LocalRotation: {x: 0.26466948, y: -0.00931833, z: -0.04072311, w: 0.96343386}
  m_LocalPosition: {x: -0.00015071056, y: 0.054177105, z: 6.9910584e-11}
  m_LocalScale: {x: 1, y: 1, z: 1}
  m_Children:
  - {fileID: 5373040357313409665}
  m_Father: {fileID: 5373040356966809621}
  m_RootOrder: 0
  m_LocalEulerAnglesHint: {x: 6.3227158, y: -0.015376887, z: -0.31199488}
--- !u!1001 &4702142627835519549
PrefabInstance:
  m_ObjectHideFlags: 0
  serializedVersion: 2
  m_Modification:
    m_TransformParent: {fileID: 5373040358005414491}
    m_Modifications:
    - target: {fileID: 4685102440856411081, guid: 2fa59a1598f644541ab686bad4afd79c, type: 3}
      propertyPath: m_RootOrder
      value: 0
      objectReference: {fileID: 0}
    - target: {fileID: 4685102440856411081, guid: 2fa59a1598f644541ab686bad4afd79c, type: 3}
      propertyPath: m_LocalPosition.x
      value: 0
      objectReference: {fileID: 0}
    - target: {fileID: 4685102440856411081, guid: 2fa59a1598f644541ab686bad4afd79c, type: 3}
      propertyPath: m_LocalPosition.y
      value: 0
      objectReference: {fileID: 0}
    - target: {fileID: 4685102440856411081, guid: 2fa59a1598f644541ab686bad4afd79c, type: 3}
      propertyPath: m_LocalPosition.z
      value: 0
      objectReference: {fileID: 0}
    - target: {fileID: 4685102440856411081, guid: 2fa59a1598f644541ab686bad4afd79c, type: 3}
      propertyPath: m_LocalRotation.w
      value: 1
      objectReference: {fileID: 0}
    - target: {fileID: 4685102440856411081, guid: 2fa59a1598f644541ab686bad4afd79c, type: 3}
      propertyPath: m_LocalRotation.x
      value: 0
      objectReference: {fileID: 0}
    - target: {fileID: 4685102440856411081, guid: 2fa59a1598f644541ab686bad4afd79c, type: 3}
      propertyPath: m_LocalRotation.y
      value: 0
      objectReference: {fileID: 0}
    - target: {fileID: 4685102440856411081, guid: 2fa59a1598f644541ab686bad4afd79c, type: 3}
      propertyPath: m_LocalRotation.z
      value: 0
      objectReference: {fileID: 0}
    - target: {fileID: 4685102440856411081, guid: 2fa59a1598f644541ab686bad4afd79c, type: 3}
      propertyPath: m_LocalEulerAnglesHint.x
      value: 0
      objectReference: {fileID: 0}
    - target: {fileID: 4685102440856411081, guid: 2fa59a1598f644541ab686bad4afd79c, type: 3}
      propertyPath: m_LocalEulerAnglesHint.y
      value: 0
      objectReference: {fileID: 0}
    - target: {fileID: 4685102440856411081, guid: 2fa59a1598f644541ab686bad4afd79c, type: 3}
      propertyPath: m_LocalEulerAnglesHint.z
      value: 0
      objectReference: {fileID: 0}
    - target: {fileID: 5166755609148977751, guid: 2fa59a1598f644541ab686bad4afd79c, type: 3}
      propertyPath: m_Name
      value: Heel
      objectReference: {fileID: 0}
    - target: {fileID: 5166755609148977751, guid: 2fa59a1598f644541ab686bad4afd79c, type: 3}
      propertyPath: m_IsActive
      value: 0
      objectReference: {fileID: 0}
    m_RemovedComponents: []
  m_SourcePrefab: {fileID: 100100000, guid: 2fa59a1598f644541ab686bad4afd79c, type: 3}
--- !u!4 &19578000493541876 stripped
Transform:
  m_CorrespondingSourceObject: {fileID: 4685102440856411081, guid: 2fa59a1598f644541ab686bad4afd79c, type: 3}
  m_PrefabInstance: {fileID: 4702142627835519549}
  m_PrefabAsset: {fileID: 0}
